1874 2904
1016 120 1164 177 48..

431 244 563 282 Restat
590 246 634 281 ut
660 244 828 293 exempla
856 256 899 282 ex
920 256 974 283 vv,
994 245 1108 283 troch.
1137 246 1334 283 octonariis
1353 257 1571 294 congeram;
1599 248 1689 284 sunt
1710 246 1779 286 illa

293 318 376 356 seq.
406 307 489 356 syll.
518 307 698 357 producta
724 308 835 346 haec:
1504 298 1507 300 ’

433 372 471 421 1)
502 370 599 410 Eun.
630 372 706 410 643
774 372 840 412 Ad.
873 373 958 412 156.
988 373 1076 411 617.
1510 386 1511 389 ¹

430 435 472 485 2)
501 435 637 474 Heaut.
670 437 760 474 569.
816 436 910 474 Eun.
942 438 1029 475 746.
1085 436 1175 475 Hec.
1204 437 1293 475 613.
1349 437 1416 476 Ad.
1449 438 1536 476 160.

431 499 474 550 3)
502 498 640 538 Η93111.
672 501 759 538 175.
815 499 906 539 Hec.
936 500 1024 540 527.

432 574 584 622 Syllaba
612 575 713 612 brevi
741 586 816 622 seq.
837 587 903 612 vox
924 575 1020 613 dact.
1040 576 1079 612 in
1097 576 1261 613 litteram
1282 567 1346 631 ‘m'
1366 575 1539 613 desinens
1557 576 1778 624 corripiturr

301 637 391 675 Hec.
420 637 510 674 284.
566 636 620 674 Ex
648 637 705 675 his
734 638 909 686 exemplis
937 637 1179 675 inveniuntur
1197 638 1235 675 in
1255 637 1346 687 pede
1368 637 1529 676 secundo
1557 638 1595 683 2,
1622 638 1659 676 in
1678 638 1776 688 pede

301 701 410 740 tertio
443 702 479 746 2,
517 701 555 739 in
593 700 684 750 pede
713 704 813 739 sexto
851 702 886 746 3,
932 701 970 739 in
1007 702 1098 751 pede
1136 705 1267 751 quarto
1304 705 1342 741 et
1379 703 1536 752 septimo
1572 705 1610 741 et
1643 705 1778 742 octavo

302 766 461 813 singula.

431 828 732 876 Vocesigitur
767 828 1046 878 dactylicas
1081 829 1276 867 Terentius
1314 830 1646 879 synaloephae
1683 841 1774 868 non

302 892 512 930 subiecit
539 892 633 929 nisi
667 892 714 929 in
741 892 932 940 syllaba
960 895 1170 930 accentu
1198 893 1468 940 rhythmico
1496 894 1777 942 ponderata.

303 956 400 995 Sane
428 955 496 993 loci
526 966 638 1004 supra
665 955 793 993 omissi
813 958 1024 1004 supersunt,
1054 955 1189 1005 quibus
1218 956 1461 994 consideratis
1488 958 1533 994 ut
1559 968 1639 995 rem
1666 956 1779 995 aliter

302 1033 340 1059 se
369 1020 504 1058 habere
524 1020 724 1068 suspiceris
743 1019 877 1057 adduci
897 1020 1034 1068 possis3
1063 1022 1153 1057 sunt
1172 1022 1300 1057 aut-em
1319 1020 1379 1057 hi:
1409 1020 1522 1059 Andr.
1547 1021 1622 1058 186
1642 1020 1780 1059 hocine·

301 1084 393 1133 agis.
448 1083 584 1121 Heaut.
614 1083 691 1126 203
721 1082 881 1120 huncine
910 1085 1026 1121 erant.
1072 1083 1167 1121 Eun.
1197 1084 1248 1121 99
1278 1083 1392 1122 sicine
1420 1084 1512 1132 agis.
1549 1084 1627 1122 403
1657 1083 1774 1122 sicubi

300 1160 399 1187 eum.
438 1148 516 1186 804
552 1147 667 1185 sicine
705 1147 795 1195 agis.
860 1148 932 1184 851
973 1146 1091 1185 satine
1128 1147 1175 1185 id.
1249 1147 1394 1186 Phorm.
1430 1149 1507 1186 955
1549 1148 1673 1186 hicine
1718 1150 1778 1187 ut..

303 1213 405 1250 1012
434 1211 586 1250 haecine
615 1213 734 1248 erant.
794 1211 894 1248 1013
933 1210 1085 1249 haecine
1113 1214 1228 1248 erant.
1285 1210 1373 1250 Hec.
1403 1212 1481 1249 282
1510 1211 1667 1250 hancine
1695 1223 1779 1260 ego..

303 1277 376 1313 771
406 1275 560 1313 haecine
589 1277 680 1313 east.
718 1274 784 1313 Ad.
816 1275 891 1313 128
920 1274 1034 1313 sicine
1062 1275 1153 1322 agis.
1208 1275 1296 1314 237.
1326 1274 1456 1314 11001119
1482 1275 1579 1314 mos.
1635 1277 1685 1313 At
1712 1275 1775 1314 his

300 1340 499 1388 exemplis,
542 1339 572 1376 si
614 1339 825 1376 accuratius
867 1349 910 1375 ea
948 1339 1161 1387 inspexeris,
1204 1339 1308 1375 illam
1350 1339 1575 1377 sententiam
1616 1339 1779 1376 minime*

299 1403 454 1442 refutari
483 1402 660 1441 concedes
688 1402 907 1451 intellegens
926 1413 1032 1441 voces
1062 1402 1118 1440 his
1139 1402 1225 1441 locis
1247 1405 1493 1448 occurrentes,
1511 1405 1774 1453 praeterquam

300 1468 398 1517 quod
427 1468 552 1505 omnia
580 1467 654 1505 fere
682 1468 775 1504 haec
803 1467 970 1515 exempla
998 1467 1238 1504 inveniuntur
1274 1468 1312 1504 in
1340 1467 1435 1516 pede
1462 1468 1594 1516 primo,
1634 1468 1672 1505 in
1702 1479 1781 1516 quo-

300 1531 550 1580 componendo
577 1530 694 1579 poetis
722 1541 868 1579 semper
896 1533 934 1568 et
955 1530 1093 1578 ubique
1112 1530 1252 1568 maiore
1272 1530 1423 1568 licentia
1451 1531 1505 1568 uti
1524 1530 1670 1575 licebat,
1698 1542 1778 1568 non·

301 1607 382 1633 esse
411 1595 574 1642 legitime
603 1594 821 1642 dactylicas,
857 1594 921 1631 sed
961 1605 1003 1631 ex
1032 1594 1185 1631 duobus„
1205 1594 1392 1631 vocabulis
1422 1594 1635 1643 compositis
1664 1594 1772 1643 quasi

300 1659 406 1703 duas,
435 1657 564 1706 quales
593 1660 630 1695 et
662 1657 791 1706 ipsum
819 1658 966 1706 poetam
995 1667 1057 1694 eas
1086 1668 1124 1695 re
1152 1667 1239 1694 vera
1268 1659 1418 1705 putasse
1447 1657 1506 1695 vel
1534 1668 1578 1695 ex
1606 1668 1648 1695 90
1676 1657 1781 1695 clare·

300 1725 430 1766 elucet,
469 1722 564 1771 quod
603 1732 676 1759 non
713 1722 834 1758 solum
869 1721 910 1759 in
948 1721 1038 1769 pede
1074 1721 1204 1770 primo,
1239 1721 1304 1759 sed
1342 1721 1457 1759 etiam
1484 1722 1523 1759 in
1552 1721 1707 1771 pedibus
1736 1722 1782 1759 et

300 1786 463 1824 secundo
491 1788 529 1824 et
556 1787 689 1834 quarto
718 1788 755 1822 et
783 1787 885 1823 sexto
923 1785 1173 1834 paenultimae
1201 1784 1352 1822 illarum
1380 1785 1544 1834 syllabae
1573 1787 1772 1823 accentum

298 1850 483 1899 imposuit.
532 1849 710 1887 Similiter
736 1848 935 1887 Terentius
957 1849 1141 1897 syllabam
1161 1849 1431 1897 paenultimam
1451 1861 1584 1887 vocum
1604 1842 1771 1906 ί1’1119119’,

300 1906 454 1972 ‘tacene'
497 1914 613 1952 vocali
655 1905 700 1971 te'
743 1913 833 1952 elisa
876 1924 995 1962 aeque
1037 1924 1081 1951 ac
1122 1913 1386 1952 vocabulorum
1426 1913 1540 1951 iamb.
1587 1913 1777 1962 syllabam

298 1979 540 2028 posteriorem
582 1978 768 2026 corripuit.
836 1977 1002 2021 Accedit,
1045 1977 1141 2026 quod
1184 1978 1285 2015 nullo
1327 1977 1398 2015 alio
1439 1978 1517 2016 loco
1559 1977 1773 2016 fabularum

298 2042 378 2080 Ter.
407 2042 585 2080 vocabula
614 2042 729 2078 trium
759 2042 814 2078 vel
841 2041 1048 2089 plurimum
1078 2041 1310 2089 syllabarum
1337 2040 1500 2086 (Phorm.
1532 2041 1633 2079 1038
1661 2039 1779 2088 sallei-

298 2107 395 2143 ciam
414 2104 461 2143 ab
479 2104 584 2151 illoc;
612 2105 714 2142 locus
734 2116 805 2142 non
825 2116 975 2153 prorsus
995 2107 1118 2143 certus
1138 2104 1225 2153 981.)
1245 2105 1284 2141 111
1304 2104 1390 2142 89119
1409 2104 1528 2142 1119818
1548 2104 1778 2153 dissyllabae·

298 2169 416 2206 altera
451 2168 740 2205 imminuuntur.
798 2167 901 2214 Quod
942 2179 1028 2205 cum
1063 2168 1116 2205 ita
1152 2179 1190 2205 se
1230 2167 1388 2212 habeat,
1426 2178 1559 2205 novam
1597 2167 1779 2216 synizesis-

298 2231 397 2281 apud
431 2231 647 2269 Terentium
676 2230 954 2269 constituendae
983 2241 1137 2268 causam
1166 2231 1228 2273 eis,
1263 2241 1357 2278 quae
1386 2230 1546 2269 Boemer
1573 2231 1777 2269 comment.

300 2308 333 2344 p.
364 2297 414 2334 33
445 2307 546 2343 seqq.
575 2296 752 2343 exposuit,
782 2295 968 2332 addidisse
996 2295 1089 2331 mihi
1117 2294 1248 2332 videor.

425 2358 672 2397 Inveniuntur
713 2358 814 2396 enim
842 2357 933 2396 haec
961 2357 1146 2407 exempla:
1187 2356 1334 2396 Phorm.
1365 2357 1443 2396 309
1472 2356 1663 2396 Phaedria
1690 2367 1780 2395 eum

296 2423 455 2472 require.
511 2424 580 2461 Ad.
611 2424 634 2463 9
663 2422 791 2471 fdbula
819 2435 902 2460 eum
931 2421 1106 2460 Plautus,
1149 2423 1199 2460 10
1225 2421 1410 2472 inteyrum
1439 2435 1522 2460 eum
1548 2421 1618 2461 hic.
1676 2421 1771 2460 Cum

296 2488 420 2536 igitur,
457 2490 498 2526 ut
534 2488 611 2525 iam
647 2498 760 2537 supra
788 2486 1085 2530 commemoravi,
1117 2486 1216 2524 nullo
1244 2486 1316 2525 alio
1343 2486 1556 2525 fabularum
1583 2486 1664 2525 Ter.
1692 2486 1778 2524 loco

296 2553 420 2591 vocab.
468 2552 603 2601 dactyl.
651 2553 691 2590 in
738 2551 834 2590 thesi
880 2551 1051 2596 elidatur,
1098 2550 1155 2589 his
1203 2551 1303 2596 locis,
1345 2554 1388 2589 ut
1429 2552 1656 2601 synaloepha
1697 2548 1776 2588 arsi
