1874 2904
793 127 843 165 33

209 252 298 291 288.
327 255 365 291 et
392 253 481 291 363.
509 253 588 291 voci
614 252 676 292 his
702 253 768 292 Dz.
797 253 939 292 addidit
966 266 1016 292 ce.

211 328 299 366 393.
319 331 357 366 et
375 340 462 377 seq.,
477 329 542 377 qui
555 328 603 367 ad
622 329 892 367 sententiarum
911 329 1093 367 rationem
1112 340 1185 367 non
1199 329 1337 378 optime
1352 327 1548 377 quadrant,

82 393 148 432 Dz.
176 403 264 431 cum
297 391 471 431 Hoelzero
505 392 580 452 (cde
608 392 772 443 interpol.
799 384 894 432 'ret'
922 393 1009 432 diss.
1047 393 1171 442 inaug.
1198 392 1283 432 Hal.
1313 392 1396 432 SaX.
1429 392 1547 442 1878)

83 457 254 502 sustulit;
286 457 413 505 itaque
450 457 712 506 synaloephas:
746 468 839 495 nam
865 458 977 495 aiunt
1003 460 1040 495 et
1063 459 1260 505 postquam
1285 457 1340 495 ad
1366 459 1399 494 te
1427 456 1549 494 omisi.

209 531 299 569 462.
326 542 407 569 una
434 530 529 578 hac,·
566 542 633 569 vox
664 530 735 569 hac
769 531 807 569 in
841 531 919 569 cod.
947 533 979 568 A
1008 542 1117 580 super
1144 532 1281 569 lineam
1309 531 1497 580 adscripta
1524 542 1548 568 a

84 606 175 634 corr.
203 606 275 634 rec.
303 595 492 634 contextui
518 595 657 633 inserta
685 597 752 634 est.

213 658 300 697 609.
329 659 440 696 Hunc
465 670 614 697 versum
642 658 798 696 fortasse
826 660 995 707 spurium
1022 671 1096 697 non
1123 660 1276 708 respexi.

212 721 279 761 Ad.
308 722 396 760 329.
442 722 499 760 Ad
528 722 626 760 hunc
653 722 775 760 locum
803 721 848 760 cf.
878 733 963 761 ann.
992 722 1040 760 ad
1068 722 1158 761 Hec.
1187 723 1275 761 288.

212 797 300 835 540.
328 809 412 835 sum
438 796 592 844 infelix;
628 798 719 835 haec
753 797 854 835 elisio
892 799 1039 846 propter
1066 797 1233 835 codicum
1261 797 1550 846 discrepantiam

84 872 157 899 non
186 863 243 899 est
270 864 380 898 certa.

212 925 298 962 627.
328 925 373 963 H.
409 925 430 962 l.
467 923 533 962 D'z.
570 936 676 963 voces
716 926 842 972 ipsum
876 925 919 963 id
958 926 1236 969 transmutavit,
1277 927 1331 963 ita
1368 928 1411 963 ut
1451 926 1550 963 vocis

84 990 206 1036 ipsum
249 988 392 1037 syllaba
427 988 526 1036 prior
560 991 725 1037 correpta
761 989 826 1032 sit;
868 999 1098 1037 quamquam
1139 988 1179 1025 in
1219 989 1288 1026 hac
1326 989 1550 1038 correptione

83 1053 236 1090 minime
265 1052 489 1090 haerendum
518 1055 585 1096 est,
614 1055 741 1091 tamen
771 1052 849 1090 libr.
884 1063 1069 1090 manuscr.
1108 1053 1328 1090 auctoritate
1364 1052 1548 1091 adductus

85 1120 235 1155 secutus
265 1128 349 1155 sum
378 1119 518 1155 ceteros
547 1117 714 1155 editores.

209 1192 299 1230 996.
326 1182 423 1239 facto
440 1204 555 1239 opus;
574 1192 665 1229 baec
683 1192 879 1229 verborum
897 1192 1085 1230 collocatio
1101 1203 1123 1229 a
1138 1189 1325 1229 nonnullis
1347 1192 1553 1229 editoribus

83 1255 182 1293 facta
210 1257 268 1294 est
294 1255 616 1294 transmutatione.

539 1362 579 1402 Ε.
616 1361 653 1402 in
681 1362 813 1403 troch.
842 1362 1088 1403 octonariis:

211 1449 299 1486 Hec.
331 1449 418 1486 281.
466 1448 521 1486 Ex
548 1448 716 1486 codicum
752 1448 1000 1497 discrepantia
1028 1449 1087 1486 hic
1115 1460 1242 1487 versus
1271 1449 1318 1487 ab
1346 1448 1550 1488 editoribus

83 1511 182 1550 varie
210 1508 413 1550 exhibetur.
468 1511 513 1549 In
541 1511 634 1549 libro
672 1512 810 1561 optimo
838 1511 1018 1550 Bembino
1053 1512 1194 1549 orditur
1230 1512 1291 1550 hic
1317 1523 1445 1550 versus
1474 1513 1548 1550 sic:

83 1577 227 1614 nemini
247 1575 376 1623 plura,
414 1576 549 1624 quibus
586 1576 736 1613 vocibus
775 1576 1065 1624 superscriptum
1092 1578 1150 1614 est
1176 1588 1262 1624 eyo;
1298 1576 1401 1615 codd.
1431 1575 1502 1613 DF
1515 1575 1549 1614 G

83 1640 276 1687 praebent:
321 1640 465 1677 nemini
504 1651 568 1688 eqo
596 1638 725 1687 plura,
768 1650 855 1677 cum
891 1638 986 1677 F2G
1025 1651 1087 1688 eqo
1122 1642 1205 1688 post
1231 1638 1350 1687 plura
1387 1640 1548 1689 positum

83 1702 254 1741 habeant.
303 1702 384 1749 Qua
410 1714 449 1741 re
468 1702 653 1740 adductus
672 1702 936 1751 synaloepham
955 1703 1104 1740 vocibus
1122 1703 1268 1740 nemini
1285 1715 1348 1751 eqo
1368 1703 1548 1740 tributam

84 1766 236 1816 neglexi,
264 1768 302 1805 et
328 1766 367 1805 in
395 1766 656 1806 enumerandis
684 1766 896 1805 elisionibus
931 1766 1042 1805 huius
1070 1778 1199 1805 versus
1227 1767 1360 1806 ceteris
1389 1767 1546 1806 editione

83 1830 140 1876 Π..
160 1831 224 1880 qui
241 1831 437 1870 verborum
465 1833 671 1869 ceterorum
699 1831 973 1870 collocationem
1001 1831 1104 1870 codd.
1125 1842 1295 1870 summae
1314 1831 1546 1870 auctoritatis

83 1894 271 1932 firmatam
299 1895 468 1939 servavit,
496 1906 587 1932 usus
616 1906 712 1932 sum.

211 1970 297 2009 613.
326 1970 382 2008 ita
411 1970 506 2007 istuc
532 1970 612 2016 vis‚·
649 1970 702 2007 sic
741 1970 921 2018 scriptum
955 1969 1165 2007 invenimus
1201 1970 1238 2007 in
1267 1969 1369 2008 codd.
1399 1972 1547 2019 excepto

83 2032 159 2069 cod.
191 2032 384 2077 Bembino,
413 2033 476 2081 qui
503 2033 562 2069 vis
588 2033 736 2071 omittit.
761 2032 825 2070 Dz.
845 2033 995 2070 vocibus
1013 2033 1067 2070 ita
1085 2033 1182 2070 istuc
1199 2033 1308 2071 verbo
1326 2033 1384 2070 vis
1402 2035 1548 2070 senten-

83 2094 220 2133 tiarum
248 2095 403 2133 rationis
432 2095 554 2144 gratia
582 2106 648 2133 suo
676 2095 754 2134 iure
783 2095 901 2134 deleto
929 2095 1086 2133 inseruit
1112 2097 1162 2134 tu.
1214 2095 1286 2134 Sed
1314 2096 1406 2135 haec
1435 2107 1546 2144 syna-

82 2158 211 2207 loepha
237 2161 279 2196 tu
305 2160 401 2196 istuc
428 2160 640 2196 coniectura
667 2159 796 2218 effecta
823 2159 1056 2207 neglegenda
1084 2162 1173 2197 erat.

208 2233 260 2271 Hi
288 2235 376 2272 sunt
403 2234 482 2278 loci,
520 2233 655 2282 quibus
683 2245 706 2271 a
732 2232 800 2271 Dz.
828 2233 982 2271 lectione
1010 2233 1161 2271 decessi.
1217 2233 1290 2272 Sed
1317 2233 1545 2283 priusquam,

83 2306 176 2343 quae
205 2298 255 2335 sit
281 2296 442 2335 Terentii
469 2298 563 2335 ratio
590 2297 629 2334 in
658 2296 835 2335 elidendis
864 2297 1028 2345 syllabis,
1056 2299 1164 2346 prout
1182 2297 1312 2346 longae
1332 2299 1399 2334 aut
1415 2297 1544 2334 breves

84 2362 172 2397 sunt
199 2363 267 2398 aut
292 2361 331 2398 in
360 2352 424 2418 tm'
453 2363 598 2405 exeunt,
626 2360 789 2405 afferam,
827 2361 1003 2398 nonnulla
1036 2361 1272 2410 praemittere
1307 2360 1399 2398 mihi
1426 2360 1544 2399 liceat.

209 2434 315 2482 Quod
347 2435 509 2484 primum
546 2434 594 2473 ad
630 2415 792 2483 syllabas
829 2435 1006 2484 ancipites
1034 2435 1203 2484 pertinet,
1231 2434 1435 2483 ancipitum
1462 2445 1544 2472 esse

82 2498 264 2537 vocalium
292 2499 420 2548 putavi
449 2510 552 2537 voces
580 2498 758 2537 iambicas
787 2500 824 2537 et
850 2498 1005 2536 verbum
1033 2490 1182 2556 timmo',
1217 2509 1305 2537 cum
1330 2499 1480 2546 poetam
1506 2500 1546 2536 et

81 2561 165 2600 illas
191 2563 231 2601 in
257 2563 423 2601 vocalem
450 2564 625 2601 exeuntes
659 2563 774 2601 altero
802 2563 896 2600 arsis
926 2563 1065 2601 solutae
1092 2562 1150 2600 vel
1177 2562 1292 2600 thesis
1319 2561 1544 2610 dissyllabae

859 2635 861 2637 v
1333 2625 1353 2655 3
