1874 2904
1015 138 1066 174 28

300 275 332 312 p.
364 264 441 301 544
469 264 568 302 hunc
596 275 745 302 versum
773 264 868 302 inter
896 275 967 309 eos,
997 264 1061 313 qui
1088 275 1243 303 caesura
1271 266 1410 310 carent,
1439 266 1621 302 numerat.
1667 262 1771 311 Quae

298 338 388 364 cum
416 327 469 364 ita
498 327 583 372 sint,
613 328 710 364 hunc
739 338 887 364 versum
916 328 952 365 in
981 327 1224 376 congerendis
1257 328 1432 376 exemplis
1460 327 1702 376 praetermisi.

428 401 563 440 Heaut.
595 402 710 440 1001.
774 402 965 446 Elisiones,
1005 414 1099 451 quae
1142 405 1288 441 exstant
1329 403 1367 441 in
1409 403 1476 440 hoc
1517 414 1635 446 versu,
1678 413 1767 440 cum

299 466 406 503 lectio
425 466 507 503 libr.
526 466 606 503 Ter.
627 466 727 503 varie
747 466 908 504 exhibita
937 467 1045 504 aliter
1072 467 1119 503 ab
1140 467 1221 503 aliis
1241 469 1424 515 temptata
1445 467 1504 509 sit,
1532 468 1575 503 ut
1604 467 1767 503 incertae

299 529 553 579 neglegendae
582 531 680 567 sunt.
1740 582 1743 584 q

427 593 521 631 Eun.
550 594 638 632 260.
668 593 773 631 Idem
801 595 905 631 valet
940 598 977 631 et
1004 595 1112 631 lectio
1141 594 1217 632 cod.
1246 596 1277 631 A
1306 593 1399 631 milei
1425 605 1505 630 esse
1533 595 1681 631 tantum
1708 593 1769 630 ho-

297 668 425 694 norem
453 659 490 694 et
517 659 723 694 ceterorum
765 656 845 695 libr.
874 669 930 694 me
958 669 1038 694 esse
1065 659 1168 694 tanto
1195 656 1340 703 honore,
1375 657 1427 694 ita
1454 659 1498 694 ut
1526 656 1680 694 dubium
1710 657 1768 700 sit,

297 720 390 768 quid
420 723 527 769 poeta
557 721 750 769 scripserit.

426 784 515 822 267.
553 782 598 822 In
638 783 740 822 codd.
770 783 924 832 legitur:
962 785 1097 822 ostium
1136 783 1308 834 (BEGP
1345 776 1550 842 thostium')
1593 783 1764 822 Thaidis,

298 847 357 885 Ad
396 848 494 885 hanc
528 849 724 886 lectionem
767 851 977 896 corruptam
1022 849 1232 887 sanandam
1274 860 1337 897 pro
1372 848 1540 886 codicum
1587 848 1768 896 scriptura

298 910 460 949 Thaidis
478 911 714 949 coniecerunt
732 911 901 949 Muretus
922 903 1162 969 (meretricis’,
1186 912 1378 950 Bentleius
1395 902 1588 969 ‘opperirst
1608 911 1767 949 Bothius

299 967 481 1031 (Thaidis,
529 975 702 1012 Dziatzco
750 976 831 1031 ‘hoc
877 967 1024 1012 astare'.
1099 975 1330 1024 Synaloepha
1376 976 1489 1022 igitur
1528 976 1662 1013 ostium
1703 974 1768 1012 hoc

298 1038 510 1075 coniectura
538 1038 668 1076 effecta
697 1038 925 1086 neglegenda
954 1040 1020 1076 est.
1783 1083 1786 1084 ⁷

426 1102 515 1139 286.
544 1102 652 1150 Apud
682 1102 746 1139 Dz.
769 1102 927 1149 legimus
955 1104 995 1138 tu
1022 1100 1103 1148 hic;
1130 1101 1194 1139 sed
1222 1104 1262 1139 iu
1291 1102 1337 1139 ad
1358 1102 1530 1139 lacunam
1550 1101 1769 1150 explendam

289 1164 442 1201 addidit
470 1164 534 1202 Dz.

428 1228 515 1266 593.
548 1227 659 1265 Varia
689 1228 798 1265 huius
828 1240 954 1265 versus
991 1228 1100 1266 lectio
1135 1228 1319 1266 invenitur
1356 1228 1393 1265 in
1428 1228 1531 1266 libris
1560 1239 1767 1270 manuscr:

298 1291 362 1329 Dz.
397 1303 483 1328 cum
522 1291 624 1328 codd.
666 1292 737 1327 DL
776 1292 976 1338 legendum
1014 1292 1184 1339 proponit
1219 1293 1262 1328 in
1298 1291 1383 1328 lecto
1409 1291 1515 1337 illae;
1549 1292 1586 1328 in
1622 1291 1699 1328 cod.
1736 1293 1768 1327 A

288 1356 420 1392 *exstat
446 1354 489 1392 in
516 1353 640 1392 lectulo
667 1353 862 1402 conlocavi,
899 1366 994 1404 qnae
1024 1355 1130 1392 lectio
1165 1357 1284 1392 metro
1324 1366 1394 1392 non
1432 1354 1649 1404 respondet-3
1688 1354 1766 1392 rell.

299 1419 381 1456 libri
411 1419 600 1456 exhibent:
637 1420 680 1455 in
715 1418 844 1456 lectum
871 1419 967 1465 illae,
1005 1431 1114 1467 quem
1151 1419 1407 1457 accusativum
1442 1419 1678 1456 commendat
1707 1417 1767 1467 Sp.

298 1483 337 1519 in
372 1483 611 1520 annotatione
647 1483 693 1520 ad
729 1483 842 1521 Andr.
880 1494 913 1521 v.
946 1484 1032 1521 126.
1087 1482 1196 1532 Apud
1238 1483 1284 1521 U.
1321 1485 1358 1521 et
1395 1482 1445 1520 Fl.
1483 1494 1588 1520 voces
1616 1494 1699 1520 eam
1725 1482 1764 1519 in

299 1546 446 1584 hiantes
479 1546 656 1594 legendae
676 1550 775 1590 sunt,
803 1547 863 1584 ille
891 1547 988 1584 enim
1010 1558 1158 1584 versum
1178 1547 1230 1584 sic
1249 1547 1395 1595 expedit
1427 1578 1435 1585 .
1457 1577 1464 1585 .
1484 1546 1618 1584 deinde
1633 1558 1714 1583 eam
1739 1544 1744 1596 1

298 1610 341 1647 in
370 1609 470 1647 ,lecto
511 1608 760 1656 conlocarunt,
816 1610 875 1647 hic
924 1611 993 1658 legi
1030 1610 1110 1648 vult
1152 1641 1160 1648 .
1189 1642 1197 1649 .
1226 1610 1361 1648 deinde
1401 1622 1483 1648 eam
1523 1611 1527 1658 Ι
1567 1610 1609 1648 in
1644 1608 1768 1647 lectulo

297 1672 477 1710 locarunt.
534 1673 688 1721 Propter
728 1674 947 1711 varietatem
983 1673 1186 1721 scripturae
1214 1674 1413 1717 elisionem,
1456 1685 1551 1721 quae
1579 1673 1768 1711 invenitur

298 1738 335 1773 in
365 1736 431 1773 Dz.
461 1736 620 1773 editione
648 1736 734 1774 lecto
760 1736 833 1782 illo,
862 1737 1109 1784 praetermisi.

427 1799 573 1838 Phorm.
604 1801 691 1838 821.
728 1800 805 1838 cod.
842 1801 874 1836 A
902 1800 1122 1837 auctoritate
1161 1799 1312 1837 adducti
1348 1798 1391 1837 U.
1422 1802 1460 1837 et
1486 1797 1560 1837 ΒΖ.
1590 1799 1767 1836 vocabulo

296 1854 456 1920 ‘parare'
493 1863 532 1900 in
562 1855 713 1921 ‘parere'
751 1865 897 1901 mutato
937 1863 1137 1911 legendum
1166 1865 1391 1912 proponunt:
1429 1863 1529 1901 modi
1561 1863 1604 1901 in
1639 1863 1767 1900 animo

290 1938 429 1973 parere
456 1958 463 1965 .
495 1957 503 1964 .
561 1926 625 1964 fl.
649 1927 723 1965 rell.
753 1927 833 1965 libr.
863 1930 901 1965 et
916 1927 1053 1965 Donati
1081 1927 1236 1965 lectione
1256 1927 1359 1965 nisus
1389 1928 1441 1965 sic
1459 1939 1564 1965 voces
1583 1926 1766 1969 ordinavit

296 1990 396 2027 modi
414 2002 560 2036 parare
587 1991 630 2027 in
657 1991 785 2028 animo
813 2020 821 2028 .
853 2020 862 2028 .
919 1991 1030 2028 Elisio
1058 1991 1171 2037 igitur
1196 1990 1296 2028 modi
1322 1991 1365 2028 iii
1394 1993 1495 2028 certa
1523 2000 1595 2027 non
1624 1992 1691 2027 est.

424 2052 514 2090 Hec.
553 2054 640 2091 247.
678 2053 801 2090 Huius
837 2064 964 2091 versus
1000 2064 1107 2090 voces
1155 2064 1274 2101 usque
1312 2053 1360 2090 ad
1395 2054 1518 2091 vocab.
1555 2045 1765 2108 (omnibus,

296 2127 383 2153 cum
412 2128 539 2154 eorum
568 2117 757 2154 collocatio
784 2117 823 2154 in
852 2117 1039 2155 codicibus
1068 2117 1170 2154 varia
1199 2117 1258 2160 sit,
1287 2117 1442 2164 neglexi.

428 2180 513 2218 789.
551 2180 661 2217 Hunc
689 2183 727 2217 et
764 2192 838 2229 seq.
881 2192 1031 2218 versum
1070 2180 1136 2218 Dz.
1173 2180 1286 2218 deleri
1320 2181 1400 2218 vult
1436 2182 1619 2218 annotans
1656 2181 1765 2218 haec:

296 2255 343 2301 tv,
375 2244 449 2281 791
481 2244 585 2282 deest
613 2244 649 2281 in
679 2246 726 2287 A?
764 2247 846 2293 post
874 2256 905 2283 v.
938 2245 1012 2282 783
1042 2245 1111 2292 leg.
1139 2245 1178 2281 in
1206 2244 1313 2288 E2D,
1348 2244 1443 2292 vulg.
1475 2244 1697 2288 secluditur;
1727 2247 1766 2282 at

295 2318 382 2345 cum
412 2319 442 2346 v.
475 2308 550 2345 789
580 2308 831 2356 compluribus
851 2307 1143 2346 dubitationibus
1166 2307 1341 2346 obnoxius
1370 2308 1429 2353 sit,
1457 2308 1557 2346 hunc
1576 2319 1651 2346 una
1678 2319 1765 2346 cum

296 2374 473 2420 sequente
512 2372 618 2409 uncis
654 2372 841 2410 includere
886 2364 1084 2420 praestat’„
1141 2371 1213 2410 Sed
1250 2383 1337 2409 cum
1374 2383 1448 2409 non
1485 2372 1579 2410 satis
1614 2372 1765 2421 liqueat.

295 2446 391 2483 quae
420 2436 495 2473 sint
522 2435 610 2473 illae
639 2435 900 2478 dubitationes,
936 2446 1022 2472 cum
1057 2438 1094 2473 et
1127 2435 1271 2473 codices
1309 2447 1437 2474 omnes
1465 2436 1698 2474 consentiant
1725 2437 1765 2474 in

295 2499 480 2547 scriptura
508 2511 564 2537 vv.
597 2500 671 2537 789
711 2502 748 2537 et
779 2500 853 2537 790
883 2499 1088 2537 exhibenda
1122 2501 1160 2536 et
1199 2500 1470 2538 sententiarum
1504 2499 1597 2537 ratio
1626 2500 1674 2537 sit
1693 2511 1766 2548 ap-

295 2562 453 2605 tissima,
482 2574 705 2611 magnopere
725 2563 852 2600 dubito
875 2562 1085 2599 Dziatzconi
1113 2563 1327 2610 astipulari;
1357 2574 1506 2600 versum
1526 2566 1654 2601 autem
1677 2564 1764 2606 791,
