1874 2904
1026 125 1076 161 30

447 253 560 290 1010.
591 253 702 290 Hunc
723 264 873 290 versum
902 265 945 290 ex
974 254 1144 291 codicum
1174 253 1421 302 discrepantia
1449 253 1667 300 interpretes
1688 253 1786 290 varie

307 327 385 354 suo
415 316 568 354 arbitrio
596 317 879 354 constituerunt.

446 389 542 427 Eun.
573 391 661 427 591.
691 390 813 427 Huius
842 401 970 428 versus
999 402 1104 428 voces
1141 393 1178 428 et
1205 390 1308 428 codd.
1338 393 1375 428 et
1403 378 1562 427 editores
1588 390 1651 427 alii
1680 389 1789 427 aliter

305 453 559 502 coniungunt,
592 455 646 497 ut,
676 464 770 502 quae
791 453 967 492 >elisiones
996 465 1019 491 a
1046 456 1153 503 poeta
1180 454 1260 503 ipso
1287 455 1488 502 usurpatae
1515 453 1601 497 sint,
1630 452 1788 491 discerni

320 520 490 565 nequeat.

445 586 535 623 662.
572 584 627 624 illi
663 584 752 624 him:
786 586 839 624 sic
874 586 958 636 Dz.;
995 586 1070 625 Btl.
1108 585 1198 625 hinc
1235 584 1308 633 illi,·
1352 584 1439 624 hinc
1473 585 1577 624 deest
1609 585 1649 623 in
1684 584 1786 623 codd.

307 650 537 691 ,Accuratius
566 650 611 688 de
647 651 682 689 h.
712 651 734 688 l.
771 651 896 699 agitur
930 652 969 689 in
997 651 1273 699 Engelbrechtii
1308 650 1420 708 (stud.
1456 641 1613 688 'Terent'
1652 662 1687 698 p.
1725 650 1786 687 69.

444 724 531 762 665.
564 723 672 762 Varie
691 724 729 762 in
748 725 852 763 libris
871 736 1058 763 manuscr.
1074 725 1185 763 huius
1201 735 1336 763 versus
1352 723 1534 762 vocabula
1553 724 1788 762 collocantur.

444 798 592 837 Phorm.
624 799 711 837 175.
741 810 861 848 neque
889 800 1000 837 verba
1034 800 1116 848 ipsa
1152 810 1271 848 neque
1299 810 1426 837 corum
1454 798 1642 836 collocatio
1669 809 1787 846 usque

316 862 363 899 ad
392 873 519 901 vocem
548 854 748 919 ‘amittere'
778 863 871 901 satis
900 866 1004 901 certa
1032 865 1130 901 sunt.

450 937 538 974 194.
557 938 596 974 in
618 949 675 974 vv.
699 938 909 975 194-196
938 938 1173 976 dimetiendis
1192 938 1349 975 editores
1369 948 1412 974 ex
1424 938 1605 985 scriptura
1620 937 1788 974 codicum

317 1000 419 1038 varia
447 1011 670 1050 magnopere
699 1001 937 1041 dissentiunt.
965 1001 1019 1039 ita
1047 1003 1090 1039 ut
1117 1002 1302 1039 incertum
1331 1000 1405 1045 sit‚-
1420 1000 1479 1039 cui
1508 1011 1683 1038 versuum
1711 1000 1788 1038 loco

309 1065 544 1113 synaloepha
573 1076 741 1113 quaeque
770 1065 964 1103 tribuenda
992 1066 1050 1104 sit.

446 1139 535 1176 243.
565 1138 688 1176 Lectio
724 1139 836 1177 huius
864 1150 1004 1183 versus,
1040 1150 1135 1187 quae
1170 1138 1357 1177 invenitur
1393 1139 1429 1175 in
1459 1137 1532 1176 Cic.
1561 1137 1669 1176 Tusc.
1697 1138 1787 1186 disp.

317 1202 387 1249 III,
419 1203 536 1246 14.30,
565 1204 629 1240 ubi
659 1214 788 1241 versus
817 1203 927 1240 huius
956 1203 1104 1241 fabulae
1133 1203 1345 1241 241—246
1374 1202 1595 1246 afferuntur,
1634 1201 1788 1239 discedit

316 1278 340 1303 a
368 1266 546 1304 librorum
573 1266 654 1304 Ter.
686 1266 880 1315 scriptura.
909 1267 973 1305 Dz.
1001 1267 1101 1304 hunc
1130 1277 1279 1304 versum
1307 1266 1456 1304 omnino
1485 1277 1556 1303 non
1584 1265 1789 1313 genuinum

310 1341 399 1368 >esse
429 1341 500 1368 non
531 1330 609 1368 sine
638 1341 753 1368 causa
782 1330 1000 1380 suspicatur.

451 1406 526 1442 795
554 1405 683 1442 video:
702 1417 715 1441 .·
735 1404 873 1451 ,ehewm
909 1408 953 1442 ut
981 1405 1117 1442 vitetur
1152 1405 1501 1453 proceleusmaticus
1538 1404 1665 1448 falsus,
1702 1415 1788 1441 cum

312 1468 422 1507 codd.
452 1467 605 1506 BCEP
632 1468 711 1506 hem
741 1480 804 1518 pro
832 1468 932 1506 ehem
960 1468 1156 1517 legendum
1185 1471 1251 1507 est.

448 1543 536 1580 Hec.
567 1544 654 1581 201.
691 1544 763 1580 Hic
799 1555 926 1581 versus
961 1544 1261 1591 corruptissimus
1299 1544 1453 1581 fortasse
1490 1554 1562 1580 non
1599 1542 1786 1589 genuinus

319 1609 396 1651 est3
425 1606 492 1645 Dz.
522 1618 609 1645 eum
637 1607 744 1645 uncis
773 1607 937 1647 inclusit.
1680 1608 1683 1611 ’

448 1682 536 1719 313.
571 1682 771 1719 concivisse
805 1693 885 1727 ονε,ο
934 1693 993 1718 ere
1035 1682 1081 1718 ad
1127 1693 1275 1719 versum
1317 1692 1495 1718 mancum
1543 1680 1789 1729 supplendum

320 1745 393 1782 Btl.
423 1744 575 1783 addidit.

447 1808 516 1846 Ad.
546 1809 635 1846 262.
672 1807 792 1845 Codex
828 1811 860 1845 A
897 1808 1030 1846 litteris
1065 1809 1132 1856 imi
1160 1810 1197 1846 et
1224 1809 1240 1845 -i
1266 1811 1350 1856 post
1375 1820 1413 1845 m
1447 1807 1613 1845 inductis
1642 1807 1791 1844 exhibet

310 1870 677 1920 -quiiynominiasibi,
706 1871 808 1910 codd.
845 1870 915 1909 ΟΡ
942 1872 1035 1920 quin
1064 1872 1192 1909 omnia
1220 1870 1303 1917 sibi,
1345 1869 1541 1909 BDEFG
1570 1871 1636 1918 qui
1662 1870 1790 1908 omnia

320 1935 413 1981 sibi;
441 1936 549 1973 lectio
577 1935 692 1984 igitur
718 1935 861 1973 incerta
888 1939 956 1973 est.

448 2011 537 2049 277.
565 2011 605 2047 tu
632 2010 648 2048 i
674 2010 795 2057 ’Μίνω
822 2011 838 2048 i
866 2010 913 2048 ab
943 2010 1014 2048 Btl.
1043 2009 1212 2048 additum
1241 2010 1392 2059 neglexi.

449 2086 538 2123 313.
568 2085 678 2123 Hunc
706 2097 856 2123 versum
885 2085 990 2124 valde
1019 2087 1236 2134 corruptum
1263 2085 1329 2123 Dz.
1358 2086 1464 2124 uncis
1492 2085 1653 2123 inclusit.

451 2155 538 2192 334.
569 2153 699 2193 Codice
727 2156 759 2192 A
787 2155 985 2203 praebetur
1012 2155 1048 2192 si
1075 2166 1249 2201 uxorem‚·
1276 2154 1354 2193 rell.
1384 2154 1487 2192 codd.
1516 2153 1589 2192 sibi
1614 2165 1790 2199 arboreum

320 2219 383 2256 alii
412 2218 568 2257 editores
597 2218 752 2266 vestigia
787 2218 864 2257 cod.
892 2221 935 2256 A.
965 2218 1084 2257 secuti
1113 2219 1340 2267 scripserunt
1366 2229 1407 2255 se
1433 2230 1597 2264 uxorem,
1626 2217 1691 2255 alii
1719 2216 1792 2255 sibi

319 2293 496 2329 uxorem;
524 2283 726 2330 utrumque
755 2282 827 2319 arti
854 2284 892 2320 et
919 2282 1187 2330 grammaticae
1215 2283 1253 2320 et
1280 2281 1457 2320 metricae
1484 2281 1692 2330 respondet.

450 2358 539 2395 533.
569 2357 682 2395 Elisio
711 2359 785 2394 esto
812 2369 875 2405 390
901 2358 939 2395 in
968 2357 1079 2395 dubio
1116 2357 1358 2406 relinquenda
1394 2368 1474 2394 esse
1510 2357 1602 2394 mihi
1635 2356 1790 2400 videtur,

319 2432 407 2458 cum
435 2431 509 2458 non
538 2420 630 2458 satis
658 2420 811 2469 liqueat,
840 2431 933 2458 num
960 2425 1068 2470 poeta
1095 2422 1169 2458 esto
1197 2431 1244 2457 an
1272 2431 1313 2457 es
1340 2420 1373 2458 h.
1402 2420 1423 2458 l.
1452 2419 1695 2469 usurpaverit.

450 2496 538 2534 539.
568 2494 723 2544 Legitur
751 2497 790 2533 et
813 2495 940 2542 potine
967 2497 1009 2533 ut
1036 2497 1073 2534 et
1096 2496 1200 2543 potin
1228 2497 1290 2541 απ
1318 2495 1541 2544 synaloepha
1559 2494 1673 2542 igitur
1690 2496 1791 2533 certa

319 2570 395 2596 non
423 2562 491 2597 est.
