1874 2904
789 136 835 173 15

203 263 257 312 Ex
276 262 415 301 tabulis
436 262 657 299 constructis
676 262 926 310 intellegimus
948 263 1045 299 hunc
1060 264 1219 311 poetam,
1235 262 1279 299 de
1298 273 1370 311 quo
1386 262 1546 310 agimus,

71 338 306 379 quamquam
332 326 371 364 in
399 326 501 364 nullo
529 326 823 374 uniuscuiusque
852 326 962 364 metri
990 326 1080 374 pede
1106 327 1213 374 plane
1232 326 1416 364 abstinuit
1435 337 1547 374 syna-

77 393 218 442 loepha,
259 393 386 428 tamen
430 390 466 427 in
508 401 585 427 una
623 389 784 427 alterave
822 390 908 427 sede
945 389 1067 427 rarius
1101 390 1284 427 vocalium
1322 401 1545 428 concursum

72 455 283 496 admisisse.
331 452 426 491 Cum
456 455 584 491 autem
612 452 802 500 diligentia
829 453 869 490 in
897 453 1089 491 formando
1119 464 1245 491 versus
1271 453 1362 502 pede
1381 456 1545 491 extremo

72 521 124 559 ab
151 517 323 557 omnibus
350 516 468 565 poetis
496 516 723 565 temporibus
751 516 923 554 omnibus
952 515 1119 554 adhibita
1148 516 1197 554 sit
1225 528 1385 557 summa.
1414 527 1545 566 operae

77 584 236 634 pretium
272 593 352 620 esse
389 581 481 618 mihi
519 580 674 624 videtur,
712 592 807 628 quae
846 581 896 618 sit
930 580 1092 618 Terentii
1127 582 1220 618 ratio
1259 582 1306 618 ad
1342 582 1438 619 hanc
1466 593 1545 619 rem

77 647 276 697 pertinens,
306 645 519 681 accuratius
547 645 783 692 perscrutari.
841 643 964 689 Quam
991 644 1037 680 ob
1066 655 1145 680 rem
1173 644 1297 680 omnia
1330 644 1542 681 huiusmodi

32 750 35 754 ,
72 710 242 759 exempla
278 708 405 747 afferre
443 708 536 745 mihi
574 708 690 746 liceat.
746 710 799 745 Ac
834 708 997 756 primum
1030 708 1179 756 quidem
1207 708 1424 756 respiciendi
1454 713 1543 746 sunt

80 786 205 813 versus
233 774 271 810 in
299 773 469 809 iambum
497 771 717 814 desinentes,
747 782 906 819 quorum
935 774 1143 808 extremum
1172 772 1302 819 pedem
1323 773 1545 820 synaloepha

80 838 225 876 afficere
253 836 497 874 durissimum
525 837 615 873 erat.
660 834 749 873 Jam
778 837 821 872 ut
840 835 1008 883 exempla
1026 834 1174 878 addam,
1203 838 1324 872 exstat
1342 835 1378 872 in
1400 835 1544 883 syllaba

74 912 252 939 versuum
287 900 445 937 iambice
481 899 729 936 desinentium
767 903 932 935 extrema
968 899 1192 946 synaloepha
1233 899 1290 935 his
1331 899 1418 936 locis
1460 902 1545 936 ante

13 953 16 958 ’
77 963 366 1003 interiectionem
401 962 482 1000 hem
511 962 568 1000 vel
595 975 670 1000 em:

205 1039 317 1077 Andr.
354 1039 441 1076 248.
479 1038 566 1076 351.
606 1039 693 1076 359.
734 1038 821 1076 420.
858 1038 946 1076 462.
987 1038 1074 1075 590.
1105 1038 1192 1076 592.
1225 1038 1311 1075 786.
1341 1038 1428 1076 859.
1458 1039 1546 1075 928.

72 1104 165 1141 969.
221 1102 357 1139 Heaut.
401 1102 489 1138 340.
527 1102 616 1138 517.
652 1102 740 1138 654.
780 1101 865 1139 757.
903 1101 991 1137 906.
1050 1100 1146 1138 Eun.
1190 1101 1278 1138 237.
1321 1101 1409 1138 817.
1456 1102 1546 1138 962.

73 1166 173 1216 [977
209 1166 311 1204 locus
348 1167 406 1203 est
442 1164 607 1214 dubius]
650 1164 761 1203 1077.
818 1163 966 1202 Phorm.
1010 1164 1071 1202 52.
1106 1164 1192 1203 198.
1222 1164 1310 1203 210.
1340 1164 1428 1202 387.
1458 1165 1546 1203 548.

80 1230 166 1267 817.
197 1229 284 1266 858.
314 1229 402 1267 954.
444 1228 533 1266 Hec.
554 1229 642 1265 205.
686 1228 756 1265 Ad.
785 1228 875 1266 224.
905 1228 991 1266 260.
1020 1228 1106 1266 320.
1132 1228 1219 1266 326.
1239 1228 1328 1265 371.
1349 1228 1438 1265 487.
1460 1228 1547 1266 488.

205 1313 462 1353 Interiectione
489 1312 540 1351 ah
567 1324 634 1351 vox
662 1313 750 1357 loco,
781 1313 825 1350 de
852 1324 924 1361 quo
952 1312 1110 1361 agimus,
1139 1312 1341 1351 imminuta
1369 1313 1548 1362 excipitur

79 1379 136 1415 his
175 1378 284 1415 locis:
339 1378 452 1415 Andr.
494 1378 581 1415 306.
618 1377 705 1415 468.
744 1377 891 1425 [6151.
919 1377 972 1425 d.]
1010 1377 1098 1414 872.
1155 1376 1289 1415 Heaut.
1328 1378 1417 1415 397.
1456 1377 1544 1415 439.

81 1441 171 1481 Eun.
200 1442 406 1480 208...38-1.
437 1442 524 1479 680.
574 1441 720 1479 Phorm.
752 1441 836 1478 193.
867 1441 957 1478 325.
986 1441 1075 1479 474.
1096 1441 1184 1478 809.
1231 1441 1320 1479 Hec.
1349 1442 1437 1480 630.
1458 1442 1544 1479 697.

76 1506 169 1542 721.
200 1506 286 1543 877.
342 1506 411 1547 Ad.
444 1506 530 1542 112.
560 1506 648 1542 309.
677 1506 765 1542 329.

204 1577 317 1617 Aliae
334 1579 604 1617 interiectiones
623 1590 728 1617 voces
748 1579 783 1617 h.
794 1579 816 1617 l.
838 1579 1084 1627 synaloephae
1112 1578 1299 1617 subiectas
1319 1581 1544 1628 sequuntur:

77 1642 191 1680 Andr.
235 1643 330 1691 [615
358 1643 425 1687 oh;
469 1643 571 1680 locus
600 1645 657 1680 est
681 1642 861 1690 incertus]
908 1642 1045 1680 Heaut.
1091 1643 1167 1679 313
1206 1643 1307 1681 heus.
1354 1643 1432 1680 480
1468 1643 1544 1680 hui.
1607 1688 1611 1691 γ

76 1705 156 1742 606
184 1705 258 1744 hui.
287 1706 409 1755 [1010
429 1706 495 1751 oh;
523 1706 545 1744 l.
567 1706 620 1754 d.]
650 1705 744 1744 Eun.
774 1706 850 1769 223
883 1705 959 1743 hui.
988 1706 1065 1743 407
1085 1705 1159 1744 hui.
1190 1706 1265 1743 669
1286 1706 1342 1745 oh.
1372 1706 1448 1743 805
1469 1706 1545 1743 hui.

81 1768 225 1807 Phorm.
266 1770 312 1807 51
344 1771 401 1809 oh.
437 1770 514 1807 286
541 1770 597 1809 oh.
636 1770 709 1807 301
742 1770 817 1808 hui.
857 1770 932 1807 857
954 1770 1010 1808 oh.
1065 1769 1134 1807 Ad.
1164 1771 1241 1807 216
1262 1770 1338 1807 hui.
1371 1770 1445 1807 411
1468 1770 1542 1807 hui.

207 1842 422 1891 Sequuntur
449 1844 530 1887 loci,
559 1843 693 1891 quibus
730 1843 804 1880 alia
833 1843 1010 1881 vocabula
1038 1854 1178 1880 monos.
1207 1843 1286 1880 voci
1314 1843 1546 1881 anteced-enti

74 1905 226 1944 elisione
255 1909 587 1955 coagmentantur:

205 1981 317 2019 Andr.
348 1982 413 2030 [51
447 1983 501 2026 et;
529 1982 553 2019 l.
573 1981 626 2030 d.]
657 1981 752 2031 [226
772 1984 835 2030 ut;
865 1982 887 2019 l.
909 1981 960 2030 d.]
991 1982 1087 2030 [256
1107 1984 1193 2025 aut;
1222 1982 1244 2020 l.
1264 1982 1316 2030 d.]
1348 1982 1422 2020 760
1443 1982 1544 2019 haec.

80 2042 213 2083 Heaut.
243 2046 319 2083 585
349 2046 459 2084 hunc.
515 2045 609 2083 Eun.
640 2046 691 2083 84
720 2057 770 2084 es.
801 2046 897 2094 [349
918 2048 1000 2090 aut;
1032 2047 1056 2083 Ι.
1076 2045 1129 2094 d.]
1159 2046 1238 2084 470
1265 2046 1348 2084 huc.
1377 2046 1455 2083 636
1475 2046 1545 2084 hic.

76 2107 156 2152 896
175 2119 226 2145 es.
267 2109 369 2146 1054
395 2109 475 2147 hoc.
531 2109 678 2146 Phorm.
718 2110 792 2146 130
813 2110 912 2147 haec.
949 2110 1026 2146 322
1047 2110 1124 2147 hoc.
1162 2110 1239 2146 423
1259 2110 1359 2147 haec.
1396 2105 1473 2146 490
1501 2110 1544 2147 ei.

75 2170 153 2208 521
183 2171 283 2211 haec.
331 2173 407 2211 965
437 2184 487 2211 eS.
544 2172 635 2211 Hec.
674 2173 749 2211 719
778 2173 884 2211 hano.
932 2173 999 2211 Ad.
1037 2172 1105 2222 [38
1135 2176 1219 2222 aut;
1249 2173 1271 2211 l.
1300 2172 1353 2223 d.]
1388 2173 1465 2211 394
1493 2184 1544 2211 es.

80 2234 156 2270 543
184 2247 232 2273 es.
279 2237 422 2279 Restat,
451 2240 494 2274 ut
522 2237 688 2284 exempla
716 2236 865 2280 addam,
893 2237 959 2274 ubi
983 2248 1069 2274 voce
1089 2239 1143 2274 est
1161 2240 1348 2274 extremus
1368 2248 1545 2274 versuum

79 2296 180 2335 locus
230 2301 433 2348 occupatur
485 2300 659 2337 vocabulo
714 2299 811 2348 quod
850 2299 1036 2338 antecedit
1071 2302 1244 2349 correpto.
1300 2299 1545 2338 Inveniuntur

75 2361 205 2399 autem
233 2363 416 2412 exempla:

204 2437 242 2486 a)
272 2438 477 2483 verborum,
505 2448 601 2487 quae
615 2438 901 2484 imminuuntur,
920 2438 958 2476 in
977 2439 1142 2476 vocalem
1161 2437 1412 2476 desinentium
1430 2438 1543 2476 haec:

78 2498 189 2538 Andr.
233 2502 294 2539 54.
334 2503 420 2540 126.
456 2503 544 2541 216.
581 2503 669 2540 237.
705 2503 792 2541 386.
831 2503 919 2540 400.
949 2504 1037 2540 461.
1073 2503 1220 2550 [5061.
1249 2502 1301 2550 d.]
1338 2504 1425 2541 555.
1455 2504 1543 2540 566.

80 2559 165 2601 598.
202 2563 290 2602 853.
326 2566 415 2603 945.
451 2566 539 2604 949.
575 2566 662 2605 950.
718 2566 854 2604 Heaut.
890 2567 951 2604 82.
983 2566 1068 2603 133.
1101 2566 1186 2604 170.
1216 2566 1305 2604 328.
1335 2566 1423 2603 387.
1454 2566 1541 2603 583.
