1874 2904
811 163 861 198 23

228 289 397 327 Heaut.
454 288 489 326 6.
517 288 589 326 Hic
616 300 745 327 versus
772 287 929 327 fortasse
957 290 1104 339 spurius
1132 291 1201 327 est.

229 363 289 401 13.
318 361 363 401 Si
376 359 436 401 hie
449 365 568 408 actor3
586 363 622 401 si
635 363 790 401 coniecit
802 363 994 402 Bentleius
1010 374 1074 412 pro
1098 362 1265 401 codicum
1281 362 1462 411 scriptura
1485 361 1561 399 sed.

226 449 288 486 55.
317 448 489 486 Dziatzco
509 449 609 486 hunc
636 459 785 487 versum
803 449 857 487 sic
875 449 1074 496 legendum
1093 449 1280 498 proponit:
1307 460 1376 486 nec
1401 447 1460 486 rei
1483 447 1562 495 fere

98 524 192 552 sane
223 511 288 550 hoe
312 510 474 559 (implius
502 512 700 560 quicquam
726 511 819 559 fuit?
845 511 936 549 illud
962 511 1028 550 hoc
1054 523 1076 549 a
1109 512 1327 550 Dziatzcone
1356 514 1438 560 post
1466 523 1561 549 sane

97 578 291 620 insertum,
319 586 406 613 cum
421 578 515 614 'meo
543 575 697 624 quidem
723 575 857 613 iudicio
885 587 1003 624 neque
1032 576 1079 613 ad
1108 575 1334 614 sententiam
1362 587 1481 624 neque
1512 576 1559 613 ad

98 643 262 680 metrum
291 639 543 677 necessarium
571 639 631 681 sit.
659 650 735 677 non
762 639 913 688 respexi.

224 725 286 763 64.
313 724 426 763 Hunc
444 735 594 763 versum
612 724 756 763 codices
775 725 946 763 exhibent
965 725 1034 763 sic:
1063 727 1133 762 aut
1152 724 1241 772 plus
1258 737 1309 771 eo,
1337 727 1378 762 ut
1394 726 1559 771 conicum

97 800 231 839 cyrum
264 788 308 826 in
344 787 405 826 his
442 787 664 837 reywmhus.
736 788 885 826 Brixius
935 789 972 826 in
1008 789 1318 827 commentatione
1356 799 1424 826 sua
1461 799 1557 837 quae

97 852 327 891 inscribitur:
355 852 414 910 cde
441 852 610 901 prosodia
637 852 736 901 apud
769 852 947 890 Plautum
975 856 1013 891 et
1043 844 1270 891 'Ferentium'
1300 854 1435 901 putans
1465 852 1559 890 illud

96 917 233 956 conicio
251 917 287 955 h.
307 916 329 954 l.
348 916 465 953 trium
497 916 726 964 syllabarum
758 927 850 960 esse,
872 916 925 954 ita
945 919 988 954 ut
1005 917 1044 953 in
1065 918 1199 965 quarto
1220 916 1312 965 pede
1330 918 1558 965 anapaestus

97 982 224 1025 exstet,
270 980 308 1018 in
348 980 418 1018 hoc
459 990 566 1019 versu
607 979 761 1018 minime
801 979 965 1019 offendit.
1021 979 1094 1019 Sed
1138 980 1244 1018 valde
1283 979 1424 1024 dubito,
1465 991 1558 1018 num

95 1045 287 1083 Terentius
322 1047 429 1081 tanta
465 1044 613 1082 licentia
648 1055 740 1082 usus
778 1045 837 1089 sit,
879 1046 922 1082 ut
963 1044 1116 1082 ultimas
1157 1044 1254 1082 vocis
1289 1045 1427 1082 micio
1465 1044 1559 1082 duas

97 1108 258 1157 syllabas
293 1106 453 1156 synioesi
480 1107 715 1156 pronuntiari
743 1107 928 1156 simulque
955 1108 1073 1146 vocali
1101 1108 1272 1157 sequenti
1308 1108 1409 1146 brevi
1447 1118 1560 1156 syna-

96 1172 226 1221 loepha
253 1171 421 1209 connecti
448 1171 570 1209 vellet.
609 1170 674 1209 Sin
701 1173 830 1209 autem
857 1171 996 1209 com'm'o
1023 1173 1200 1220 quattuor
1229 1172 1457 1219 syllabarum
1476 1183 1558 1209 esse

96 1234 338 1273 statuendum
366 1236 433 1278 est,
469 1234 505 1272 h.
534 1235 557 1272 l.
587 1234 745 1273 efficitur
778 1235 1131 1283 proceleusmaticus
1160 1235 1375 1282 illegitimus
1404 1243 1428 1273 ᾳ
1442 1265 1466 1273 v
1479 1264 1558 1279 W,

96 1310 207 1348 quem
234 1310 280 1337 ne
307 1297 347 1336 in
375 1298 526 1337 elisione
548 1298 698 1347 quidem
715 1297 908 1337 Terentius
927 1298 1090 1343 admisit,
1118 1310 1232 1348 quam
1252 1299 1299 1337 ob
1318 1310 1398 1338 rem
1416 1298 1560 1337 coniec-

95 1365 179 1400 tura
197 1374 291 1411 opus
310 1364 378 1400 est.
414 1362 671 1400 Fleckeisenus
692 1363 739 1400 ad
759 1363 859 1400 hunc
877 1364 999 1401 locum
1019 1363 1229 1401 sanandum
1248 1364 1557 1411 praepositionem

97 1427 136 1464 in
164 1420 317 1470 delevit;
355 1426 476 1474 magis
514 1429 642 1465 autem
674 1426 767 1464 mihi
803 1426 940 1465 arridet
980 1427 1190 1465 coniectura
1219 1426 1462 1472 Dziatzconis,
1492 1427 1557 1476 qui

95 1489 185 1526 illud
212 1500 347 1537 aqrum
373 1491 457 1537 post
484 1500 561 1538 seq.
589 1501 718 1527 versus
746 1501 873 1527 vocem
891 1488 1074 1528 melimem
1101 1501 1240 1538 ponens
1268 1491 1391 1528 versui
1410 1502 1555 1538 quoque

95 1553 155 1598 64,
183 1552 247 1601 qui
273 1554 312 1591 et
337 1553 427 1602 ipse,
455 1564 542 1591 cum
560 1564 624 1602 pes
653 1553 792 1592 tertius
820 1564 906 1592 voce
932 1552 1094 1592 iambica
1121 1557 1329 1603 occupetur.
1358 1553 1555 1593 offensione

95 1626 164 1652 nou
199 1618 318 1660 vacat,
353 1616 577 1653 medicinam
614 1619 731 1664 parat.
796 1616 899 1662 Quae
933 1628 992 1654 res
1018 1619 1208 1665 utcunque
1236 1628 1275 1654 se
1304 1618 1428 1659 habet,
1464 1618 1554 1654 satis

93 1681 236 1718 constat
250 1679 493 1729 synaloephas
512 1680 650 1718 conicio
666 1691 802 1729 ayrum
818 1680 862 1718 in
876 1679 937 1719 his
955 1682 1083 1729 poetae
1098 1680 1355 1719 attribuendas
1371 1692 1442 1719 non
1459 1692 1551 1719 esse.

219 1765 281 1802 83.
317 1764 455 1803 Omnes
514 1765 656 1803 codices
705 1765 905 1814 praebent:
955 1766 1146 1809 meruisti3
1195 1766 1299 1804 codd.
1337 1765 1554 1805 AGFPD:

93 1827 262 1866 meruisti
290 1829 296 1877 Ι
326 1828 435 1873 ehem
469 1829 581 1867 codex
608 1830 638 1867 E
674 1840 739 1878 pro
775 1828 886 1867 eheu:
913 1830 948 1868 ei
976 1829 1079 1868 mihi.
1138 1829 1406 1875 Fleckeiseuus,
1443 1842 1554 1879 quem
1582 1822 1586 1825 ⁵

93 1893 241 1929 secutus
269 1894 326 1929 est
353 1891 538 1937 Dziatzco‚
565 1892 603 1929 in
630 1892 736 1930 hiatu
771 1892 930 1931 fortasse
968 1892 1154 1932 offendens
1181 1894 1433 1932 interiectione
1461 1894 1551 1932 eheu

92 1957 235 1993 servata
263 1955 409 2004 scripsit
427 1956 685 2002 commeruisti,
713 1967 800 1994 cum
821 1956 1143 2006 Umpfenbachius
1163 1958 1326 1996 codicem
1345 1957 1374 1996 E
1398 1961 1551 1997 secutus

91 2016 288 2065 legendum
315 2022 514 2069 proponat:
542 2020 714 2057 meruisti
732 2021 767 2057 ei
784 2019 887 2058 mihi.
937 2020 1009 2058 Sed
1029 2021 1199 2070 equidem
1218 2024 1307 2070 puto
1328 2023 1550 2071 scripturam

90 2080 256 2121 codicum
294 2084 515 2122 auctoritate
551 2084 741 2122 firmatam
778 2085 813 2122 h.
850 2085 873 2122 l.
908 2086 1129 2123 servandam
1162 2097 1264 2130 esse,
1303 2097 1390 2124 cum
1428 2087 1552 2125 hiatus

90 2155 326 2192 personarum
353 2148 559 2185 mutatione
588 2150 783 2186 excusatus
812 2149 902 2185 nihil
930 2149 1067 2187 habeat
1093 2149 1312 2188 offensionis.

217 2232 303 2272 165.
331 2231 488 2271 laborem
514 2231 604 2271 hinc
630 2235 687 2272 est
715 2233 939 2283 synaloepha
966 2245 1009 2272 ex
1037 2235 1247 2274 coniectura
1275 2235 1442 2275 Bentleii.

217 2307 301 2346 174.
330 2307 402 2345 Hic
429 2319 556 2345 versus
584 2308 687 2346 deest
713 2309 752 2346 in
779 2309 904 2347 codice
933 2309 1123 2348 Bembino.

214 2381 301 2420 365.
329 2381 467 2438 offendi
492 2381 565 2428 ὠὴ·
593 2383 685 2420 haec
713 2383 939 2432 synaloepha
967 2395 1039 2421 non
1068 2387 1189 2422 exstat
1216 2385 1255 2422 in
1283 2384 1406 2423 codice
1436 2387 1478 2423 A.

211 2467 290 2504 484
319 2479 392 2516 seq.
439 2467 517 2505 Hos
554 2467 646 2506 duos
675 2480 816 2514 versus,
843 2470 882 2506 in
919 2470 1054 2518 quibus
1089 2473 1146 2508 est
1182 2482 1320 2517 magna
1355 2472 1548 2509 variarum

87 2524 285 2567 lectionum
314 2542 430 2579 seges,
459 2542 586 2570 omnes
605 2531 680 2570 fere
702 2532 860 2570 editores
888 2544 910 2570 a
939 2533 1216 2571 sententiarum
1240 2534 1382 2573 ratione
1412 2535 1551 2574 alienos

87 2599 151 2627 suo
179 2591 258 2631 iure
286 2595 459 2632 cancellis
490 2597 722 2644 saepserunt.
