1874 2904
990 161 1041 197 38

280 288 449 336 exempla
480 288 568 331 134,
595 288 633 325 in
663 288 732 325 hoc
763 288 849 329 119,
885 292 1012 326 contra
1046 289 1097 326 39
1135 288 1173 326 in
1209 288 1299 337 pede
1339 288 1468 337 primo,
1504 288 1551 325 81
1596 288 1634 326 in
1663 290 1766 337 pede·

281 351 402 394 tertio,
435 351 481 388 71
510 350 547 388 in
577 350 668 399 pede
696 351 835 399 quinto,
876 352 919 388 11
951 351 989 388 in
1019 350 1108 400 pede
1146 354 1256 390 sexto.
1314 351 1358 388 In
1386 353 1594 390 ceterorum
1623 352 1766 390 nume--

283 425 407 452 rorum
438 414 560 463 pedes,
589 414 663 453 nisi
691 414 783 454 forte
812 415 924 454 iamb.
945 418 1083 464 septen.
1113 415 1245 464 pedem
1265 417 1442 464 quartum
1462 415 1572 453 eximi
1600 417 1753 464 oportet,

283 478 346 526 qui
383 489 470 526 prae
508 478 663 526 pedibus
699 479 811 516 huius
852 478 999 516 numeri
1036 479 1168 516 ceteris
1209 479 1297 517 huic
1339 479 1585 527 synaloephae
1619 478 1767 517 favisse-

284 541 439 585 videtur,
469 541 581 580 huius
610 542 855 592 synaloephae
884 542 1050 592 exempla
1078 553 1195 591 aeque
1223 541 1297 581 fere
1326 541 1524 580 distributa
1554 544 1652 580 sunt.

415 606 511 644 Cum
539 607 704 643 multum
732 609 923 654 praeterea
960 607 1117 648 intersit,
1153 607 1258 644 cuius
1295 606 1436 644 formae
1473 606 1651 644 metricae
1680 607 1768 644 siut-

285 680 403 711 voces.
433 679 528 718 quae
547 668 835 715 imminuuntur,
863 669 939 707 iam
958 679 1067 717 agere
1086 669 1177 707 mihi
1207 669 1375 719 proposui
1404 668 1449 707 de
1471 668 1580 707 certis
1601 668 1768 718 quibus-

284 733 370 770 dam
389 733 537 770 formis:
566 733 611 771 de
643 733 828 771 vocabulis
847 734 1126 782 monosyllabis,
1155 733 1335 777 iambicis.
1364 733 1568 781 dactylicis.
1597 733 1755 777 creticis,

286 797 459 834 bacchiis.
499 798 553 833 Ac
572 797 734 844 primum
755 796 907 844 quidem
927 796 1119 834 videamus
1148 797 1192 834 de
1221 797 1496 845 monosyllabis.
1538 797 1575 835 L.
1596 796 1769 834 Mueller·

285 861 324 898 in
362 860 465 904 libro,
506 860 570 909 qui
606 860 821 898 inscribitur
862 859 907 898 de
941 871 980 898 re
1015 852 1183 899 metrica'
1222 872 1255 910 p.
1292 861 1369 898 283
1408 861 1676 899 commemorat
1708 860 1756 898 ad

286 924 488 973 dactylicos
518 926 644 973 poetas
672 924 855 973 imprimis
885 927 1057 973 spectans
1087 936 1128 963 ex
1154 925 1272 963 verbis
1301 936 1439 963 monos.
1461 924 1656 973 aptissima
1674 935 1769 962 esse-

287 987 554 1037 synaloephae.
594 999 677 1046 me.
713 990 760 1032 te,
797 999 847 1032 se,
883 988 937 1026 mi
974 988 1043 1037 (z
1070 987 1189 1037 mihi),
1224 990 1277 1032 tu,
1312 988 1375 1037 qui
1409 988 1498 1038 (sg.)
1536 988 1578 1032 si,
1621 988 1672 1032 ni,
1700 987 1770 1033 de..

286 1063 386 1094 cum,
415 1054 510 1093 tum,
541 1063 643 1095 num.
673 1052 761 1092 iam.
789 1062 889 1094 nam,
918 1063 1043 1099 quam.
1073 1055 1162 1094 tam,
1193 1044 1302 1095 sum'‚
1333 1054 1461 1088 contra
1489 1052 1619 1088 verba:
1658 1051 1760 1108 sim,

287 1115 349 1163 qui
378 1114 472 1164 (pL.)
512 1114 568 1159 (10,
612 1117 679 1159 sto,
722 1126 797 1164 spe,
839 1115 936 1157 dem,
979 1117 1085 1157 stem,
1131 1126 1222 1156 rem.
1265 1106 1381 1162 spem'
1424 1117 1462 1152 et
1498 1126 1552 1155 ea.
1595 1125 1690 1163 quae
1718 1114 1769 1152 in.

288 1178 560 1227 diphthongum
590 1181 735 1221 exeunt,
764 1190 953 1227 nusquam
981 1179 1019 1216 in
1047 1179 1191 1226 syllaba
1219 1179 1320 1215 brevi
1348 1178 1445 1216 elidi.
1485 1177 1586 1225 Quas
1607 1189 1757 1216 normas

287 1253 329 1280 ex
358 1244 550 1292 poetarum
582 1242 849 1292 dactylicorum
870 1253 941 1280 usu
960 1242 1143 1291 imprimis
1163 1242 1338 1291 repetit-as
1358 1244 1543 1291 quatenus
1561 1241 1769 1280 Terentius-

285 1308 535 1346 observaverit
562 1311 605 1345 ut
633 1308 905 1356 intellegamus,
933 1319 1005 1346 non
1034 1319 1125 1357 opus
1153 1319 1233 1346 esse
1261 1308 1463 1345 arbitratus
1491 1318 1620 1345 omnes
1645 1307 1757 1351 locos,

287 1371 499 1419 ubicunque
528 1371 652 1410 vocab.
681 1382 820 1410 monos.
860 1371 952 1408 elisa
980 1374 1081 1415 sunt,
1116 1382 1344 1414 enumerare,
1373 1382 1460 1408 cum
1488 1371 1666 1419 exempla,
1694 1370 1758 1407 ubi

288 1447 362 1485 seq.
394 1436 475 1485 syll.
505 1436 614 1484 longa
643 1436 928 1480 imminuuntur,
966 1436 1152 1485 permulta
1188 1435 1272 1480 sint,
1307 1446 1351 1474 ea
1386 1437 1536 1473 tantum
1577 1434 1758 1484 exempla,

286 1500 351 1536 ubi
397 1511 538 1536 monos.
584 1499 785 1537 imminuta
832 1500 1066 1547 excipiuntur
1111 1499 1254 1547 syllaba
1301 1499 1410 1542 brevi,
1453 1498 1626 1541 afferam;
1672 1500 1775 1535 sunt>

288 1566 414 1601 autem
444 1563 558 1601 haec:

781 1625 824 1666 Α.
856 1625 893 1665 in
924 1625 1040 1666 lamb.
1069 1625 1267 1666 senariis:

417 1701 482 1739 de:
510 1701 667 1750 Adelph.
698 1702 786 1738 253.
824 1700 881 1738 di:
910 1700 1046 1738 Heaut.
1076 1701 1165 1738 463.
1198 1699 1289 1739 Eun.
1319 1700 1407 1737 474.
1437 1699 1525 1737 Hec.
1558 1699 1644 1737 106.
1675 1698 1759 1748 [Ad.

292 1766 366 1802 749
389 1766 411 1803 l.
431 1765 484 1813 d.]
513 1765 578 1802 do:
608 1764 718 1802 Andr.
750 1765 838 1802 295.
868 1776 944 1802 me:
973 1764 1085 1802 Andr.
1107 1765 1195 1801 818.
1226 1764 1359 1802 Heaut.
1387 1764 1448 1800 51.
1473 1763 1533 1800 77.
1554 1763 1642 1800 432.
1671 1762 1773 1799 501..

289 1828 384 1865 Eun.
418 1829 503 1867 125.
540 1829 623 1865 152.
653 1829 741 1865 435.
772 1828 860 1865 446.
891 1829 978 1865 634.
1008 1828 1096 1864 920.
1139 1827 1286 1864 Phorm.
1316 1827 1405 1864 291.
1436 1827 1523 1863 399.
1554 1826 1642 1863 582.
1673 1825 1761 1863 892.

289 1892 379 1929 Hec.
413 1892 473 1930 78.
504 1892 592 1929 437.
623 1892 711 1929 657.
742 1892 830 1929 666.
860 1891 927 1930 Ad.
958 1892 1018 1928 50.
1050 1892 1112 1929 82.
1141 1891 1216 1928 mi:
1245 1890 1357 1929 Andr.
1377 1891 1464 1929 471.
1495 1889 1642 1927 Phorm.
1671 1889 1761 1926 223.

290 1956 396 2005 [619.
428 1957 516 1994 654.
550 1956 660 1995 1010.
690 1956 747 1994 his
776 1955 863 1993 locis
883 1955 947 1994 Dz.
978 1955 1055 1994 sine
1084 1955 1183 1993 iusta
1212 1966 1325 1993 causa
1354 1965 1417 2004 pro
1445 1953 1616 2000 codicum
1645 1944 1760 2011 tmihi’

291 2020 438 2068 scripsit
466 2012 571 2077 tmi'.]
611 2020 700 2057 Hec.
731 2021 792 2058 84.
839 2032 903 2057 ne:
933 2019 1068 2057 Heaut.
1097 2020 1186 2056 357.
1216 2019 1304 2055 556.
1335 2020 1422 2056 825.
1461 2018 1551 2056 Hec.
1581 2019 1643 2054 27.
1675 2017 1775 2054 125..

290 2083 358 2120 Ad.
390 2084 478 2121 882.
508 2084 563 2120 ni:
594 2083 686 2120 Eun.
717 2084 805 2121 674.
835 2083 900 2121 Ph.
922 2083 1009 2120 369.
1040 2093 1135 2130 quae
1163 2082 1266 2130 (fem.
1287 2083 1359 2130 sg.)
1391 2081 1526 2119 Heaut.
1547 2081 1633 2118 852.
1666 2091 1762 2128 quae

292 2147 393 2195 (fem.
426 2147 489 2195 pl.)
531 2147 642 2185 Andr.
675 2147 762 2184 118.
792 2158 887 2195 quae
925 2146 1061 2195 (neutr.
1092 2146 1174 2195 pl.):
1223 2145 1337 2183 Andr.
1368 2144 1455 2183 740.
1508 2144 1643 2182 Heaut.
1674 2143 1773 2181 855-

290 2210 383 2248 Eun.
417 2211 502 2247 120.
546 2210 693 2248 Phorm.
722 2211 810 2247 424.
849 2210 916 2247 Ad.
955 2211 1019 2247 30.
1049 2210 1136 2246 826.
1180 2209 1242 2257 qui
1280 2208 1386 2257 (sg.):
1428 2208 1542 2246 Andr.
1582 2208 1642 2244 10.
1676 2207 1763 2245 154.

293 2275 385 2313 Eun.
427 2275 514 2312 400.
552 2274 641 2311 488.
695 2273 841 2311 Phorm.
880 2274 915 2310 4.
963 2272 1032 2310 Ad.
1063 2272 1152 2310 358.
1182 2272 1269 2310 402.
1313 2272 1376 2320 qui
1404 2270 1484 2321 (pl.)
1532 2270 1644 2309 Andr.
1677 2270 1774 2307 107..

291 2338 428 2378 Heaut.
461 2339 548 2377 142.
578 2337 673 2376 Eun.
702 2337 790 2376 432.
820 2348 910 2385 quo:
941 2336 1089 2375 Phorm.
1119 2336 1206 2374 355.
1235 2335 1323 2374 Hec.
1352 2335 1441 2373 495.
1470 2334 1537 2374 Ad.
1568 2335 1628 2373 78.
1658 2333 1762 2383 quoi:

291 2403 440 2441 Phorm.
473 2404 560 2441 363.
606 2413 665 2441 re:
711 2401 800 2439 Hec.
830 2401 919 2439 410.
956 2400 1023 2439 Ad.
1053 2400 1140 2439 925.
1180 2411 1239 2438 se:
1276 2400 1388 2437 Andr.
1421 2400 1496 2437 136
1532 2399 1627 2448 [270
1658 2399 1680 2436 l.
1709 2397 1762 2446 d.]

291 2466 356 2504 Ad.
387 2466 449 2504 46.
479 2466 567 2504 828.
596 2466 646 2502 si:
675 2464 790 2502 Andr.
819 2465 908 2501 440.
939 2464 1027 2501 572.
1057 2462 1194 2500 Heaut.
1223 2463 1312 2501 456.
1340 2463 1434 2500 Eun.
1464 2463 1527 2500 27.
1557 2462 1646 2499 853.
1676 2462 1763 2499 865.

291 2529 443 2567 Phorm.
475 2529 562 2567 359.
593 2529 681 2567 605.
712 2528 799 2566 661.
857 2527 946 2565 Hec.
983 2527 1045 2564 32.
1085 2526 1171 2564 129.
1226 2526 1294 2565 Ad.
1329 2526 1415 2565 154.
1454 2526 1543 2564 512.
1574 2526 1659 2564 753.
1707 2527 1764 2563 te:

290 2592 499 2631 Andr..42.
531 2592 666 2630 Heaut.
698 2592 759 2628 60.
789 2592 878 2629 922.
919 2591 1012 2628 Eun.
1043 2591 1104 2627 54.
1138 2590 1223 2628 174.
1255 2591 1341 2628 176.
1372 2590 1460 2627 885.
1499 2589 1646 2626 Phorm.
1675 2589 1764 2626 449.
