1874 2904
558 643 1127 702 THESES.

68 866 71 868 ’
111 871 146 908 1.
174 867 335 907 Terentii
369 867 515 905 Phorm.
552 878 585 904 v,
614 867 690 904 415
729 878 834 905 voces
882 867 996 905 habes
1026 856 1234 916 imperium'
1265 865 1573 904 transmutandas

271 940 351 970 esse
369 933 468 980 puto
496 931 550 969 ita
573 932 616 968 ut
635 941 764 969 versus
784 933 905 969 sonet:
936 930 1068 988 eon(e)
1090 929 1128 968 es
1147 929 1247 968 ferox
1266 930 1354 978 quia
1372 929 1576 978 imperium

274 995 390 1032 habes
417 995 457 1031 in
485 986 637 1033 beluas'.

109 1073 150 1111 2.
178 1070 298 1109 Taciti
326 1081 412 1108 ann.
441 1069 487 1107 ΙΙ.
519 1081 597 1118 cap.
618 1070 640 1107 2
669 1069 707 1107 in
735 1069 755 1118 ξ
777 1070 811 1107 6.
843 1069 915 1119 (ed
935 1070 1069 1118 Ritter)
1098 1071 1185 1107 ante
1214 1080 1339 1106 vocem
1381 1060 1575 1106 vilissima'

271 1132 508 1171 inserendum
536 1143 616 1170 esse
644 1132 736 1170 mihi
761 1132 906 1170 videtur
947 1124 1027 1170 vel'.

108 1211 147 1249 3.
177 1209 219 1247 In
256 1208 442 1257 Euripidis
479 1208 574 1246 Med.
603 1220 634 1247 v.
667 1209 741 1245 143
770 1208 938 1245 codicum
971 1208 1193 1255 scripturam
1230 1206 1574 1256 παραθαλποηένα

274 1270 542 1309 defendendam
579 1271 616 1309 et
644 1270 780 1308 Naukii
812 1270 1061 1309 coniecturam
1091 1267 1414 1321 παραῧελγοηένα
1442 1269 1578 1320 impro-

276 1335 439 1374 bandam
467 1346 547 1373 esse
574 1334 705 1373 iudico.

108 1412 147 1448 4.
178 1409 366 1458 Sophoclis
404 1408 492 1447 Oed.
520 1409 603 1457 Tyr.
639 1409 677 1445 in
712 1420 743 1446 v.
783 1410 883 1445 1025
920 1420 984 1457 pro
1019 1409 1187 1446 codicum
1227 1409 1419 1457 scriptura,
1457 1403 1578 1445 τεκών

273 1472 430 1511 Bothius
458 1472 595 1522 optime
623 1472 821 1521 legendum
849 1473 1017 1522 proponit
1045 1466 1174 1519 τυχών.

115 1550 149 1586 5.
178 1547 322 1585 Nomen
350 1544 595 1596 municipium
613 1546 811 1588 >derivatur
839 1558 861 1584 a
889 1558 1042 1585 munere
1071 1547 1266 1596 capiendo:
1305 1545 1450 1585 Gellius
1478 1549 1578 1585 errat

272 1611 496 1650 contendens
515 1611 613 1654 XVI,
645 1611 693 1648 13
723 1611 812 1649 illud
841 1623 976 1650 nomen
1005 1611 1248 1649 derivandum
1276 1623 1356 1649 esse
1384 1623 1406 1648 a
1424 1623 1577 1649 munere

273 1675 505 1724 capessendo.

108 1751 146 1789 6.
176 1750 218 1787 In
261 1752 389 1798 poetae
449 1750 513 1787 der
554 1761 623 1787 von
664 1742 892 1788 Kurenberc’
939 1751 1116 1788 carminis
1161 1751 1177 1786 Ι
1220 1751 1292 1799 (ed.
1337 1749 1375 1788 C.
1419 1750 1579 1788 Bartsch

291 1812 466 1851 deutsche
501 1811 775 1851 Liederdichter
817 1813 882 1852 des
921 1814 980 1851 12.
1019 1814 1074 1852 bis
1112 1814 1171 1851 14.
1206 1805 1510 1863 Jahrhunderts')
1545 1825 1577 1852 v.

272 1876 333 1916 48.
360 1876 589 1915 lachmauni
624 1877 875 1917 coniecturam
927 1869 1032 1917 leide'
1070 1878 1293 1917 reiciendam
1324 1880 1361 1916 et
1389 1878 1521 1916 codicis
1550 1877 1578 1915 C

276 1940 499 1990 scripturam
540 1932 615 1979 leit'
645 1942 866 1980 servandam
894 1953 974 1981 esse
1002 1942 1189 1981 contendo.
