1874 2904
1012 113 1071 171 '50

435 258 469 295 b.
499 270 574 307 seq.
603 259 683 307 syll.
713 259 832 298 brevi:
862 259 995 299 Heaut.
1025 262 1113 298 674.
1144 260 1236 297 Eun.
1268 261 1357 298 576.
1390 260 1534 297 Phorm.
1565 259 1654 297 476.
1683 259 1774 296 478.

308 323 397 361 502.
452 322 541 361 Hee.
579 324 669 361 574.
707 324 797 362 598.
857 324 927 363 Ad.
962 326 1051 363 215.
1096 325 1185 363 623.
1241 324 1294 362 Ex
1338 324 1395 362 his
1440 323 1617 372 exemplis
1653 322 1776 360 allatis

308 388 457 423 exstant
487 388 533 423 11
563 386 601 423 in
629 386 720 435 pede
749 388 922 433 secundo,
952 391 974 425 7
1002 388 1039 425 in
1069 388 1160 437 pede
1188 388 1308 433 tertio,
1337 389 1360 425 3
1389 388 1429 425 in
1458 387 1549 436 pede
1578 389 1722 435 quarto,
1755 388 1773 423 1

308 450 345 487 in
373 449 465 500 pede
494 450 634 499 quinto,
667 451 715 489 10
743 451 782 489 in
810 451 901 501 pede
930 453 1043 497 sexto,
1071 453 1096 490 4
1123 451 1161 490 in
1190 451 1281 501 pede
1310 453 1451 490 octavo.

437 514 480 551 In
500 523 503 525 ·
525 515 640 553 troeh.
687 516 906 564 septenariis
952 528 1057 554 voees
1092 516 1249 554 creticae
1286 515 1533 560 corripiuntur
1574 514 1632 552 his
1670 513 1776 551 loeis:

311 589 343 615 a.
375 589 450 627 seq.
480 578 624 626 syllaba
659 579 786 627 longa:
824 579 938 618 Andr.
975 580 1063 619 250.
1093 580 1182 618 328.
1212 580 1301 618 330.
1331 580 1419 618 331.
1450 579 1538 617 342.
1568 578 1658 616 352.
1688 578 1776 617 382.

310 642 386 680 823
417 642 483 680 bis.
522 643 610 681 835.
641 643 728 681 836.
759 644 845 682 842.
876 644 964 682 899.
994 645 1082 683 911.
1112 645 1202 683 961.
1249 643 1386 682 Heaut.
1415 643 1512 693 [176
1541 642 1564 680 l.
1594 641 1648 691 d.]
1686 642 1777 680 321.

312 707 401 744 575.
431 707 520 746 579.
552 707 640 744 722.
679 707 790 746 1015.
830 708 943 747 1046.
985 708 1098 746 1056.
1138 708 1253 746 1057.
1309 707 1403 745 Eun.
1431 708 1521 746 237.
1559 706 1647 745 305.
1686 706 1776 744 362.

313 771 399 807 756.
431 770 519 808 763.
550 771 639 808 953.
671 771 760 809 961.
798 771 911 809 1027.
953 771 1065 809 1058.
1105 772 1217 810 1072.
1273 771 1421 809 Phorm.
1453 771 1540 808 197.
1573 771 1657 808 198.
1688 769 1777 807 204.

310 835 400 872 231.
429 835 519 873 317.
548 835 637 872 528.
667 835 754 873 850.
792 836 878 874 871.
917 836 1004 873 872.
1035 836 1123 874 875.
1154 836 1242 874 882.
1275 836 1388 874 1045.
1445 834 1534 873 Hee.
1565 834 1653 872 238.
1685 834 1774 872 383.

311 898 399 935 808.
431 898 519 935 842.
574 899 641 935 Ad.
684 899 773 940 167.
812 899 900 937 206.
938 899 1026 938 309.
1062 900 1139 936 322
1188 900 1278 937 548.
1316 900 1405 937 589.
1443 899 1532 937 679.
1572 898 1659 936 863.
1691 898 1778 936 875.

311 963 400 1001 967.
467 962 501 1001 b.
538 974 612 1012 seq.
650 963 794 1012 syllaba
828 963 948 1002 brevi:
986 964 1122 1003 Heaut.
1157 965 1246 1002 339.
1285 965 1373 1002 396.
1410 964 1498 1001 626.
1539 963 1626 1001 897.
1667 962 1780 1002 1038.

310 1026 404 1065 Eun.
434 1027 523 1064 951.
553 1027 641 1065 963.
697 1027 844 1064 Phorm.
882 1028 970 1065 504.
1008 1029 1097 1065 858.
1137 1028 1249 1066 1050.
1315 1027 1404 1065 Heo.
1442 1028 1532 1064 221.
1571 1027 1660 1064 233.
1690 1027 1779 1064 398.

310 1091 400 1128 474.
455 1089 522 1129 Ad.
552 1091 641 1129 518.
672 1091 760 1129 972.
816 1090 898 1130 Iam
927 1094 969 1130 ut
997 1091 1144 1137 addam,
1174 1103 1248 1142 qua
1275 1091 1314 1130 in
1342 1103 1470 1130 versus
1500 1091 1585 1129 sede
1614 1090 1781 1140 exempla

311 1156 466 1200 exstent,
493 1155 733 1194 inveniuntur
763 1157 811 1194 12
849 1157 887 1194 in
915 1157 1005 1206 pede
1034 1157 1208 1200 seeundo,
1246 1159 1291 1194 11
1322 1157 1359 1194 in
1388 1157 1478 1206 pede
1507 1156 1626 1200 tertio,
1665 1156 1713 1192 15
1741 1154 1781 1192 in

311 1219 401 1269 pede
430 1221 572 1268 quarto,
605 1221 651 1258 11
673 1220 712 1258 in
730 1220 822 1269 pede
842 1221 980 1269 quinto,
1009 1222 1060 1258 22
1090 1221 1128 1259 in
1157 1221 1247 1271 pede
1277 1223 1389 1265 sexto,
1418 1222 1441 1259 3
1470 1220 1511 1258 in
1539 1219 1614 1258 arsi
1642 1221 1781 1264 octava,

315 1285 334 1321 1
364 1284 402 1321 in
431 1283 522 1332 pede
550 1284 708 1332 septimo
736 1284 873 1322 Heaut.
903 1286 990 1323 575.
1046 1285 1126 1322 Hoe
1162 1287 1311 1323 tantum
1346 1297 1419 1323 uno
1449 1286 1526 1322 loeo
1554 1284 1781 1333 paenultimo

312 1347 394 1397 pedi
414 1358 602 1393 versuum,
623 1348 686 1397 qui
705 1347 863 1386 iambioe
882 1350 1029 1394 exeunt,
1049 1349 1260 1387 huiusmodi
1277 1348 1502 1398 synaloepha
1516 1347 1699 1386 attributa
1714 1349 1781 1386 est.

440 1411 485 1449 In
512 1423 568 1449 vv.
588 1412 702 1449 troeh.
727 1412 922 1450 octonariis
950 1413 1041 1450 haee
1069 1413 1235 1461 exempla
1262 1413 1514 1461 reperiuntur:
1548 1411 1661 1460 Andr.
1691 1412 1780 1449 301.

312 1474 508 1524 Pamphile
556 1474 674 1513 hodie.
743 1475 880 1514 Heaut.
922 1476 1011 1514 562.
1063 1474 1221 1526 Clitipho
1259 1475 1371 1515 itane.
1442 1475 1535 1514 Eun.
1579 1475 1657 1513 740
1698 1474 1780 1512 ilieo

313 1538 550 1579 defodiantur.
608 1539 697 1579 Hee.
727 1540 802 1578 841
834 1540 1016 1579 Parmeno
1046 1539 1173 1580 etiam.
1229 1540 1296 1580 Ad.
1313 1541 1404 1580 v150
1432 1540 1513 1578 ilieo
1541 1540 1642 1579 haee.

441 1603 558 1642 Voces
588 1603 792 1653 dactylioas
829 1606 866 1643 et
901 1604 1055 1643 oretioas
1091 1604 1286 1643 Terentius
1324 1604 1363 1643 in
1397 1604 1493 1643 thesi
1535 1603 1781 1654 synaloephae

312 1668 394 1707 ideo
422 1680 496 1708 non
524 1662 691 1715 subiecit,
721 1669 819 1718 quod
847 1669 998 1708 omnino
1027 1670 1205 1708 voeabula
1234 1670 1350 1708 trium
1384 1670 1441 1708 vel
1476 1670 1640 1719 plurium
1669 1668 1782 1717 sylla-

314 1732 446 1770 barum
475 1733 528 1770 ita
556 1744 628 1770 non
665 1733 858 1771 imminuit
887 1756 935 1761 -
965 1745 1012 1771 ne
1041 1745 1127 1772 voce
1161 1745 1299 1772 monos.
1337 1733 1488 1783 quidem
1516 1736 1693 1782 sequente
1720 1754 1783 1776 —-‚

314 1809 357 1845 ut
392 1807 564 1856 dactylus
600 1807 711 1846 huius
750 1808 909 1847 formae:
940 1818 962 1847 A
984 1838 1008 1846 ..
1030 1792 1152 1858 (35.st
1181 1808 1396 1847 efficeretur.
1461 1808 1568 1856 Apud
1605 1807 1783 1845 Plautum

314 1873 442 1909 autem
470 1871 683 1908 huiusmodi
711 1871 883 1919 dactylus
911 1872 1049 1919 legitur
1076 1872 1114 1909 in
1141 1871 1256 1910 Stich.
1284 1883 1317 1909 v,
1340 1872 1415 1909 719
1445 1871 1532 1929 ‘hau
1559 1873 1667 1908 tuum
1687 1870 1784 1924 istuc

315 1934 373 1974 est
392 1935 507 1975 vereri
526 1937 574 1975 te.
604 1935 730 1985 eripe
754 1938 806 1974 ex
825 1947 886 1975 ore
906 1927 1048 1981 tibias'3
1075 1936 1230 1976 fortasse
1250 1936 1331 1975 aliis
1351 1948 1497 1986 quoque
1516 1935 1616 1974 loeis.
1650 1934 1783 1979 Causa,

314 2011 382 2037 our
399 2000 484 2038 illae
502 2011 609 2038 voees
629 2000 728 2048 apud
741 2000 959 2038 Terentium
978 2001 1016 2038 in
1037 2000 1123 2039 sede
1143 2001 1235 2038 arsis
1256 2001 1395 2038 solulae
1415 2001 1533 2038 altera
1560 1999 1782 2037 imminutae

314 2075 386 2102 non
416 2065 501 2110 sint,
530 2063 731 2103 manifesta
759 2066 960 2115 apertaque
979 2066 1051 2110 est;
1079 2076 1168 2103 nam
1196 2065 1267 2104 hae
1285 2064 1427 2104 ratione
1447 2064 1614 2114 syllabae
1632 2062 1783 2102 illorum

313 2129 579 2170 vocabulorum
597 2129 847 2177 paenultimae
867 2131 1041 2168 accentus
1069 2129 1274 2167 iniciendus
1302 2130 1446 2174 fuisset,
1474 2129 1512 2166 id
1540 2128 1638 2177 quod
1668 2139 1779 2166 aures

316 2193 570 2231 Romanorum
598 2192 705 2230 valde
733 2203 843 2240 aegre
871 2193 1056 2231 tulissent.

446 2256 563 2295 Voces
591 2257 821 2296 bacehiae
849 2257 888 2296 in
913 2257 1008 2296 thesi
1036 2259 1189 2296 tantum
1216 2256 1291 2295 fere
1319 2268 1342 2294 a
1359 2256 1531 2295 Terentio
1559 2255 1784 2305 synaloepha

316 2322 470 2360 affectae
499 2323 598 2365 sunt,
627 2321 807 2359 nimirum
827 2321 916 2369 quia
934 2321 971 2358 in
1000 2322 1074 2359 arsi
1102 2321 1324 2358 imminutae
1344 2332 1416 2358 non
1435 2323 1516 2358 tam
1534 2320 1641 2357 facile
1662 2318 1784 2357 versui

315 2386 436 2435 aptari
464 2387 644 2435 poterant.
699 2384 799 2431 Loci,
835 2385 971 2434 quibus
999 2397 1106 2424 voees
1135 2384 1307 2424 baeehiae
1337 2385 1536 2429 eliduntur,
1564 2386 1712 2423 exstant
1740 2383 1779 2421 hi

315 2452 354 2488 in
382 2451 496 2487 iamb.
525 2450 703 2488 senariis:

445 2524 477 2550 a.
509 2524 584 2562 seq.
614 2513 759 2561 syllaba
786 2513 915 2561 longa:
945 2513 1057 2550 Andr.
1091 2513 1176 2550 120.
1216 2514 1301 2551 123.
1341 2514 1429 2550 274.
1459 2513 1548 2549 453.
1577 2513 1666 2550 557.
1697 2512 1783 2549 741.

319 2577 456 2616 Heaut.
493 2578 556 2615 96.
593 2579 682 2616 417.
719 2577 808 2616 420.
847 2579 936 2615 477.
1001 2577 1095 2615 Eun.
1132 2578 1192 2616 20.
1231 2578 1293 2615 55.
1332 2578 1419 2615 150.
1456 2577 1545 2615 461.
1582 2578 1670 2615 477.
1706 2576 1783 2614 495
