1874 2904
819 180 869 218 37

237 305 292 344 Ex
337 306 609 357 comparatione
664 318 904 346 numerorum
949 306 1076 346 tabula
1122 309 1337 346 constructa
1383 307 1574 346 illustrata

98 359 325 410 ‘Ferentium
366 372 512 410 cautius
554 372 671 419 egisse
712 373 752 410 in
797 371 976 410 elidendis
1018 372 1171 421 syllabis
1212 373 1330 420 longis
1363 376 1400 410 et
1435 374 1473 411 in
1523 365 1575 410 m'

98 435 329 473 -exeuntibus
357 437 394 474 et
420 435 459 473 in
479 435 666 473 vocabulis
693 435 956 484 monosyllabis
985 445 1099 484 quam
1126 435 1165 472 in
1193 436 1362 474 brevibus
1381 437 1572 474 vocalibus

98 500 208 538 clare
243 499 476 549 dilucideque
513 501 676 549 apparet.
733 498 840 547 Quod
875 501 1005 538 autem
1030 499 1225 538 Terentius
1261 501 1406 539 vocales
1443 501 1573 550 longas

109 574 299 611 nusquam
335 563 375 601 in
403 563 489 601 sede
517 564 612 601 arsis
642 563 702 601 vel
727 563 843 601 thesis
872 563 990 601 altera
1017 564 1260 612 synaloephae
1289 565 1455 609 subiecit,
1484 576 1572 603 cum

103 627 313 664 Bomerum
347 627 369 665 l.
405 637 437 665 c.
475 626 565 664 Hec.
603 626 677 663 331
718 625 792 664 sic:
833 625 1018 684 ‘mdxume
1045 617 1113 663 eri*
1145 626 1357 664 dimensum
1392 629 1572 666 erravisse

99 690 207 729 ⁴infra
234 690 411 729 docturus
440 690 524 735 sim,
559 690 604 728 de
633 690 880 739 synaloephae
906 689 1047 728 ratione
1075 690 1166 728 nihil
1193 691 1378 739 probatur,
1406 694 1449 729 ut
1477 692 1572 730 infra

96 754 316 801 *ostendam
335 765 453 803 neque
471 765 515 791 ex
534 753 694 798 sedibus,
716 754 783 792 ubi
800 754 943 792 vocales
964 754 1094 802 longae
1114 754 1213 792 brevi
1232 755 1374 803 syllaba
1395 758 1572 804 sequente

99 819 394 863 imminuuntur,
428 818 634 867 quidquam
670 818 837 856 concludi
872 820 1003 867 potest.
1060 817 1103 855 In
1131 818 1317 857 vocalibus
1346 819 1571 868 ancipitibus

96 883 146 931 ·(i.
175 894 204 921 e.
231 882 271 919 in
298 883 448 920 vocibus
475 882 663 931 iambicis)
701 884 781 919 tam
817 892 926 930 saepe
963 883 1050 920 ante
1088 882 1170 930 syll.
1210 882 1358 920 brevem
1397 883 1571 931 correptis

101 946 262 984 minime
280 946 508 985 haerendum
527 957 608 984 esse
627 957 901 994 cognoscemus,
921 945 951 984 si
971 945 1285 984 consideravimus
1306 948 1344 984 et
1358 944 1572 985 Terentium

101 1012 147 1047 et
174 1020 303 1047 omnes
330 1010 407 1048 fere
434 1012 562 1059 poetas
592 1010 779 1047 scaenicos
806 1009 984 1046 sermonis
1003 1009 1134 1048 usitati
1151 1011 1286 1047 natura
1305 1010 1413 1058 quasi
1430 1012 1574 1049 coactos

100 1084 212 1111 -voces
240 1074 420 1111 iambicas
448 1084 564 1122 aeque
601 1073 676 1111 fere
703 1084 790 1110 cum
818 1073 967 1110 licentia
995 1072 1208 1111 adhibuisse
1236 1084 1280 1110 ac
1307 1074 1571 1122 pyrrhichicas,

102 1148 201 1185 quae
229 1137 275 1174 iis
295 1137 465 1186 exceptis,
495 1148 589 1185 quae
608 1138 680 1174 litt.
711 1128 774 1194 tm'
802 1137 996 1180 finiuntur,
1025 1137 1172 1184 saepius
1202 1137 1301 1174 brevi
1329 1138 1473 1185 syllaba
1494 1149 1570 1186 seq.

94 1211 220 1249 -quam
249 1200 359 1249 longa
387 1212 410 1239 a
436 1199 605 1239 Terentio
634 1200 744 1239 elisae
773 1201 871 1238 sunt.

679 1338 831 1399 Cap.
865 1338 992 1383 III.

490 1433 877 1493 Quaestiones
910 1432 1183 1481 selectae.

233 1534 359 1580 'Aeque
387 1536 498 1580 atque
534 1532 635 1569 elisio
663 1532 797 1569 vocalis
826 1532 956 1579 longae
991 1543 1067 1579 seq.
1096 1532 1239 1579 syllaba
1277 1534 1445 1580 correpta
1473 1532 1570 1569 vitu-

95 1595 266 1644 peranda
294 1597 351 1633 est
370 1595 592 1644 synaloepha
611 1606 738 1633 eorum
756 1595 1030 1640 vocabulorum,
1059 1606 1216 1643 quorum
1245 1594 1390 1643 syllaba
1419 1595 1570 1644 paenul—

98 1660 199 1698 tima
217 1671 237 1698 e
256 1659 374 1697 vocali
402 1661 557 1697 constat.
602 1658 696 1697 Cum
726 1659 877 1707 longum
898 1660 957 1706 sit,
986 1655 1114 1707 omnes
1132 1659 1230 1697 locos
1248 1659 1323 1697 huc
1341 1660 1568 1708 pertinentes

92 1734 331 1767 ·enumerare‚
360 1723 521 1761 sufficiat
549 1734 848 1766 commemorare,
877 1734 972 1772 quae
1001 1723 1051 1761 sit
1076 1723 1285 1771 frequentia
1314 1724 1564 1772 synaloephae

104 1787 317 1826 huiusmodi
352 1787 548 1826 verborum
575 1787 615 1824 in
643 1787 800 1837 singulis
828 1787 1004 1825 numeris.
1062 1786 1119 1824 Ex
1149 1788 1249 1825 1047
1278 1787 1353 1825 fere
1381 1787 1567 1836 exemplis,

94 1851 167 1888 ·ubi
209 1851 401 1900 syllabam,
443 1851 504 1888 cui
544 1850 730 1888 antecedit
770 1851 842 1888 alia
878 1851 1031 1896 vocalis,
1076 1851 1303 1900 synaloepha
1340 1862 1363 1888 a
1397 1851 1568 1889 Terentio

92 1914 275 1953 ..affectam
303 1915 527 1959 invenimus,
565 1917 713 1953 exstant
748 1915 826 1952 460
862 1915 900 1952 in
935 1915 1049 1953 iamb.
1078 1915 1241 1959 senariis,
1279 1915 1355 1952 317
1384 1915 1421 1952 in
1450 1915 1566 1953 troch.

103 1980 332 2027 septenariis,
373 1979 447 2016 165
483 1979 520 2016 in
554 1979 666 2016 iamb.
704 1979 912 2022 octonariis,
951 1979 999 2016 78
1034 1979 1073 2016 in
1107 1979 1218 2017 iamb.
1259 1981 1411 2027 septen„
1449 1981 1499 2016 25
1530 1980 1567 2016 in

97 2042 217 2080 troch.
246 2044 375 2086 octon.‚
405 2042 552 2088 singula
579 2042 618 2079 in
646 2043 815 2091 quatern.
842 2042 956 2080 iamb.
986 2045 1023 2080 et
1050 2042 1176 2086 troch.,
1212 2053 1370 2091 quorum
1399 2043 1567 2079 omnium

99 2106 177 2144 arsi
205 2106 350 2145 circiter
378 2106 467 2152 693,
496 2106 592 2144 thesi
611 2103 689 2144 354
717 2105 955 2145 attribuenda
984 2109 1082 2144 sunt.
1130 2106 1203 2145 Sed
1231 2107 1328 2156 quod
1358 2106 1566 2155 frequentia

99 2170 314 2209 huiusmodi
342 2171 586 2220 synaloephae
605 2170 704 2220 apud
721 2169 802 2209 Ter.
831 2172 939 2209 tanta
966 2173 1033 2216 est,
1062 2174 1191 2221 poetae
1221 2171 1307 2210 vitio
1327 2171 1566 2209 tribuendum

98 2247 173 2274 non
201 2247 282 2274 esse
309 2235 467 2281 videtur,
504 2246 592 2273 cum
625 2246 749 2280 voceS,
787 2236 916 2284 quales
953 2238 1043 2274 sunt
1080 2227 1229 2292 ‘omnia’
1265 2236 1489 2284 similesque,
1525 2235 1565 2273 in

99 2299 270 2337 versibus
304 2299 416 2336 iamb.
456 2301 494 2336 et
528 2299 643 2336 troch.
680 2299 798 2348 primo
835 2299 926 2348 pede
963 2304 1111 2348 excepto
1146 2299 1317 2348 usurpari
1356 2310 1428 2336 non
1455 2298 1565 2336 facile

100 2363 226 2401 liceret
253 2363 326 2401 nisi
353 2363 495 2401 elisioni
523 2363 718 2401 subiectas.
768 2362 850 2401 Hae
878 2363 1123 2412 synaloephae
1151 2363 1373 2401 durissimae
1402 2365 1503 2407 sunt,
1534 2363 1566 2400 si

97 2427 235 2464 vocalis
270 2426 502 2475 paenultima
537 2429 594 2464 est
627 2427 748 2474 longa.
811 2426 892 2463 Nisi
925 2426 1032 2464 fallor
1067 2437 1208 2464 unum
1243 2428 1432 2473 tantum
1470 2417 1565 2464 tale

93 2490 364 2540 ‘exemplum
409 2490 595 2528 nomine
638 2490 828 2540 proprio
866 2492 1150 2528 excusatum
1184 2490 1319 2539 legitur
1353 2490 1448 2529 Eun.
1486 2490 1565 2529 290

89 2552 250 2608 *Piraeo
285 2546 440 2593 abierit'.
513 2553 685 2593 Ceterum
721 2555 786 2592 illa
823 2554 1045 2604 synaloepha
1080 2555 1233 2593 minoris
1268 2555 1383 2594 fuisse
1420 2556 1566 2594 videtur

88 2616 310 2656 ‘offensionis
338 2619 376 2656 in
405 2618 538 2656 senarii
566 2618 656 2667 pede
686 2620 817 2667 quarto
845 2621 882 2656 et
911 2618 1081 2663 secundo,
1120 2621 1268 2656 exstant
1306 2619 1407 2657 enim
1435 2620 1473 2657 in
1501 2620 1565 2658 illo
