<?xml version="1.0" encoding="UTF-8"?>
<!DOCTYPE html PUBLIC "-//W3C//DTD XHTML 1.0 Transitional//EN"
    "http://www.w3.org/TR/xhtml1/DTD/xhtml1-transitional.dtd">
<html xmlns="http://www.w3.org/1999/xhtml" xml:lang="en" lang="en">
 <head>
  <title>
</title>
<meta http-equiv="Content-Type" content="text/html;charset=utf-8" />
  <meta name='ocr-system' content='tesseract 3.04.00' />
  <meta name='ocr-capabilities' content='ocr_page ocr_carea ocr_par ocr_line ocrx_word'/>
</head>
<body>
  <div class='ocr_page' id='page_1' title='image "4737359_0037.png"; bbox 0 0 1874 2904; ppageno 0'>
   <div class='ocr_carea' id='block_1_1' title="bbox 785 143 834 179">
    <p class='ocr_par' dir='ltr' id='par_1_1' title="bbox 785 143 834 179">
     <span class='ocr_line' id='line_1_1' title="bbox 785 143 834 179; baseline 0 0"><span class='ocrx_word' id='word_1_1' title='bbox 785 143 834 179; x_wconf 82' lang='lat'>29</span> 
     </span>
    </p>
   </div>
   <div class='ocr_carea' id='block_1_2' title="bbox 680 195 933 201">
    <p class='ocr_par' dir='ltr' id='par_1_2' title="bbox 680 195 933 201">
     <span class='ocr_line' id='line_1_2' title="bbox 680 195 933 201; baseline 0 0"><span class='ocrx_word' id='word_1_2' title='bbox 680 195 933 201; x_wconf 95' lang='lat' dir='ltr'> </span> 
     </span>
    </p>
   </div>
   <div class='ocr_carea' id='block_1_3' title="bbox 74 268 1535 379">
    <p class='ocr_par' dir='ltr' id='par_1_3' title="bbox 74 268 1535 379">
     <span class='ocr_line' id='line_1_3' title="bbox 74 268 1534 319; baseline -0.001 -13"><span class='ocrx_word' id='word_1_3' title='bbox 74 269 138 319; x_wconf 91' lang='lat' dir='ltr'>qui</span> <span class='ocrx_word' id='word_1_4' title='bbox 165 279 284 316; x_wconf 90' lang='lat' dir='ltr'><em>neque</em></span> <span class='ocrx_word' id='word_1_5' title='bbox 313 268 483 307; x_wconf 86' lang='lat' dir='ltr'>codicum</span> <span class='ocrx_word' id='word_1_6' title='bbox 511 268 730 307; x_wconf 84' lang='lat' dir='ltr'>auctoritate</span> <span class='ocrx_word' id='word_1_7' title='bbox 756 269 928 307; x_wconf 90' lang='lat' dir='ltr'>firmatur</span> <span class='ocrx_word' id='word_1_8' title='bbox 955 280 1074 317; x_wconf 89' lang='lat' dir='ltr'><em>neque</em></span> <span class='ocrx_word' id='word_1_9' title='bbox 1102 268 1246 306; x_wconf 90' lang='lat' dir='ltr'>duobus</span> <span class='ocrx_word' id='word_1_10' title='bbox 1273 268 1439 307; x_wconf 87' lang='lat' dir='ltr'>versibus</span> <span class='ocrx_word' id='word_1_11' title='bbox 1468 268 1534 316; x_wconf 90' lang='lat' dir='ltr'>qui</span> 
     </span>
     <span class='ocr_line' id='line_1_4' title="bbox 74 331 1535 379; baseline -0.002 -8"><span class='ocrx_word' id='word_1_12' title='bbox 74 331 298 371; x_wconf 81' lang='lat' dir='ltr'>antecedunt</span> <span class='ocrx_word' id='word_1_13' title='bbox 314 332 468 369; x_wconf 87' lang='lat' dir='ltr'>servatis</span> <span class='ocrx_word' id='word_1_14' title='bbox 484 332 532 369; x_wconf 90' lang='lat' dir='ltr'>ad</span> <span class='ocrx_word' id='word_1_15' title='bbox 551 332 822 370; x_wconf 85' lang='lat' dir='ltr'>sententiarum</span> <span class='ocrx_word' id='word_1_16' title='bbox 841 332 1021 369; x_wconf 85' lang='lat' dir='ltr'>rationem</span> <span class='ocrx_word' id='word_1_17' title='bbox 1041 331 1211 379; x_wconf 76' lang='lat' dir='ltr'>quadrat,</span> <span class='ocrx_word' id='word_1_18' title='bbox 1238 342 1311 368; x_wconf 89' lang='lat' dir='ltr'>non</span> <span class='ocrx_word' id='word_1_19' title='bbox 1331 332 1535 379; x_wconf 85' lang='lat' dir='ltr'>genuinum</span> 
     </span>
    </p>
   </div>
   <div class='ocr_carea' id='block_1_4' title="bbox 41 397 1547 508">
    <p class='ocr_par' dir='ltr' id='par_1_4' title="bbox 41 397 1547 508">
     <span class='ocr_line' id='line_1_5' title="bbox 41 397 284 445; baseline -0.012 -9"><span class='ocrx_word' id='word_1_20' title='bbox 41 410 43 412; x_wconf 52' lang='lat'><strong><em>¹</em></strong></span> <span class='ocrx_word' id='word_1_21' title='bbox 74 408 152 436; x_wconf 90' lang='lat' dir='ltr'><em>esse</em></span> <span class='ocrx_word' id='word_1_22' title='bbox 181 397 284 445; x_wconf 88' lang='lat' dir='ltr'>puto.</span> 
     </span>
     <span class='ocr_line' id='line_1_6' title="bbox 201 460 1547 508; baseline -0.001 -11"><span class='ocrx_word' id='word_1_23' title='bbox 201 460 289 497; x_wconf 87' lang='lat'>797.</span> <span class='ocrx_word' id='word_1_24' title='bbox 324 460 436 497; x_wconf 90' lang='lat' dir='ltr'>Hunc</span> <span class='ocrx_word' id='word_1_25' title='bbox 479 472 628 498; x_wconf 87' lang='lat' dir='ltr'>versum</span> <span class='ocrx_word' id='word_1_26' title='bbox 674 462 889 508; x_wconf 87' lang='lat' dir='ltr'><em>suspectum</em></span> <span class='ocrx_word' id='word_1_27' title='bbox 922 460 1073 508; x_wconf 84' lang='lat' dir='ltr'>plurimi</span> <span class='ocrx_word' id='word_1_28' title='bbox 1114 460 1269 497; x_wconf 89' lang='lat' dir='ltr'>editores</span> <span class='ocrx_word' id='word_1_29' title='bbox 1310 460 1388 496; x_wconf 90' lang='lat' dir='ltr'>iure</span> <span class='ocrx_word' id='word_1_30' title='bbox 1430 460 1547 497; x_wconf 86' lang='lat' dir='ltr'>uncis.</span> 
     </span>
    </p>
   </div>
   <div class='ocr_carea' id='block_1_5' title="bbox 72 524 1352 634">
    <p class='ocr_par' dir='ltr' id='par_1_5' title="bbox 72 524 1352 634">
     <span class='ocr_line' id='line_1_7' title="bbox 72 524 313 563; baseline -0.008 0"><span class='ocrx_word' id='word_1_31' title='bbox 72 524 313 563; x_wconf 84' lang='lat' dir='ltr'>incluserunt.</span> 
     </span>
     <span class='ocr_line' id='line_1_8' title="bbox 200 586 1352 634; baseline -0.001 -10"><span class='ocrx_word' id='word_1_32' title='bbox 200 588 286 626; x_wconf 84' lang='lat'>826.</span> <span class='ocrx_word' id='word_1_33' title='bbox 309 590 507 634; x_wconf 72' lang='lat' dir='ltr'><em>postquam</em></span> <span class='ocrx_word' id='word_1_34' title='bbox 534 588 576 625; x_wconf 74' lang='lat' dir='ltr'>id</span> <span class='ocrx_word' id='word_1_35' title='bbox 600 586 725 632; x_wconf 67' lang='lat' dir='ltr'>videm,-</span> <span class='ocrx_word' id='word_1_36' title='bbox 750 587 794 624; x_wconf 66' lang='lat' dir='ltr'>id</span> <span class='ocrx_word' id='word_1_37' title='bbox 820 598 890 625; x_wconf 91' lang='lat' dir='ltr'>om.</span> <span class='ocrx_word' id='word_1_38' title='bbox 918 587 956 623; x_wconf 89' lang='lat' dir='ltr'>in</span> <span class='ocrx_word' id='word_1_39' title='bbox 984 586 1085 624; x_wconf 92' lang='lat' dir='ltr'>codd.</span> <span class='ocrx_word' id='word_1_40' title='bbox 1114 586 1352 624; x_wconf 85' lang='lat' dir='ltr'>ABCEFP.</span> 
     </span>
    </p>
   </div>
   <div class='ocr_carea' id='block_1_6' title="bbox 536 702 1071 745">
    <p class='ocr_par' dir='ltr' id='par_1_6' title="bbox 536 702 1071 745">
     <span class='ocr_line' id='line_1_9' title="bbox 536 702 1071 745; baseline -0.002 -1"><span class='ocrx_word' id='word_1_41' title='bbox 536 703 579 745; x_wconf 82' lang='lat' dir='ltr'>G.</span> <span class='ocrx_word' id='word_1_42' title='bbox 616 702 653 744; x_wconf 90' lang='lat' dir='ltr'>in</span> <span class='ocrx_word' id='word_1_43' title='bbox 683 702 799 744; x_wconf 86' lang='lat' dir='ltr'>iamb.</span> <span class='ocrx_word' id='word_1_44' title='bbox 829 702 1071 744; x_wconf 78' lang='lat' dir='ltr'><strong>octonariis:</strong></span> 
     </span>
    </p>
   </div>
   <div class='ocr_carea' id='block_1_7' title="bbox 196 787 1533 912">
    <p class='ocr_par' dir='ltr' id='par_1_7' title="bbox 196 787 1533 912">
     <span class='ocr_line' id='line_1_10' title="bbox 196 787 1533 839; baseline 0 -12"><span class='ocrx_word' id='word_1_45' title='bbox 196 788 309 829; x_wconf 88' lang='lat' dir='ltr'>Andr.</span> <span class='ocrx_word' id='word_1_46' title='bbox 338 790 427 829; x_wconf 84' lang='lat'>225.</span> <span class='ocrx_word' id='word_1_47' title='bbox 456 788 566 828; x_wconf 87' lang='lat' dir='ltr'>Hunc</span> <span class='ocrx_word' id='word_1_48' title='bbox 584 801 734 828; x_wconf 88' lang='lat' dir='ltr'>versum</span> <span class='ocrx_word' id='word_1_49' title='bbox 760 789 913 839; x_wconf 84' lang='lat' dir='ltr'><strong>plurimi</strong></span> <span class='ocrx_word' id='word_1_50' title='bbox 931 788 1088 827; x_wconf 85' lang='lat' dir='ltr'>editores</span> <span class='ocrx_word' id='word_1_51' title='bbox 1108 788 1241 827; x_wconf 84' lang='lat' dir='ltr'>merito</span> <span class='ocrx_word' id='word_1_52' title='bbox 1261 787 1373 827; x_wconf 88' lang='lat' dir='ltr'>deleri</span> <span class='ocrx_word' id='word_1_53' title='bbox 1392 788 1533 827; x_wconf 89' lang='lat' dir='ltr'>volunt.</span> 
     </span>
     <span class='ocr_line' id='line_1_11' title="bbox 197 864 769 912; baseline -0.003 -10"><span class='ocrx_word' id='word_1_54' title='bbox 197 865 285 902; x_wconf 84' lang='lat'>263.</span> <span class='ocrx_word' id='word_1_55' title='bbox 314 865 395 902; x_wconf 74' lang='lat' dir='ltr'><em>eine</em></span> <span class='ocrx_word' id='word_1_56' title='bbox 422 876 484 912; x_wconf 71' lang='lat' dir='ltr'><em>eqo</em></span> <span class='ocrx_word' id='word_1_57' title='bbox 511 866 578 901; x_wconf 88' lang='lat' dir='ltr'>aut</span> <span class='ocrx_word' id='word_1_58' title='bbox 605 864 667 901; x_wconf 75' lang='lat' dir='ltr'>eiu</span> <span class='ocrx_word' id='word_1_59' title='bbox 695 876 769 912; x_wconf 70' lang='lat' dir='ltr'>eqo.</span> 
     </span>
    </p>
   </div>
   <div class='ocr_carea' id='block_1_8' title="bbox 70 936 1535 1050">
    <p class='ocr_par' dir='ltr' id='par_1_8' title="bbox 70 936 1535 1050">
     <span class='ocr_line' id='line_1_12' title="bbox 197 936 1535 984; baseline -0.001 -8"><span class='ocrx_word' id='word_1_60' title='bbox 197 940 286 976; x_wconf 85' lang='lat'>398.</span> <span class='ocrx_word' id='word_1_61' title='bbox 316 937 466 977; x_wconf 83' lang='lat' dir='ltr'>Codices</span> <span class='ocrx_word' id='word_1_62' title='bbox 503 939 675 977; x_wconf 86' lang='lat' dir='ltr'>exhibent</span> <span class='ocrx_word' id='word_1_63' title='bbox 708 938 787 976; x_wconf 78' lang='lat' dir='ltr'>alia</span> <span class='ocrx_word' id='word_1_64' title='bbox 830 939 982 984; x_wconf 72' lang='lat' dir='ltr'><em>otiosus,</em></span> <span class='ocrx_word' id='word_1_65' title='bbox 1022 938 1190 975; x_wconf 75' lang='lat' dir='ltr'><strong>Donatus</strong></span> <span class='ocrx_word' id='word_1_66' title='bbox 1225 936 1341 975; x_wconf 79' lang='lat' dir='ltr'>aliam</span> <span class='ocrx_word' id='word_1_67' title='bbox 1377 938 1535 983; x_wconf 78' lang='lat' dir='ltr'>otiosus,-</span> 
     </span>
     <span class='ocr_line' id='line_1_13' title="bbox 70 1002 887 1050; baseline -0.001 -10"><span class='ocrx_word' id='word_1_68' title='bbox 70 1003 225 1040; x_wconf 91' lang='lat' dir='ltr'>dubium</span> <span class='ocrx_word' id='word_1_69' title='bbox 253 1004 320 1046; x_wconf 81' lang='lat' dir='ltr'><em>est,</em></span> <span class='ocrx_word' id='word_1_70' title='bbox 348 1004 433 1039; x_wconf 89' lang='lat' dir='ltr'>utra</span> <span class='ocrx_word' id='word_1_71' title='bbox 461 1002 510 1039; x_wconf 88' lang='lat' dir='ltr'>sit</span> <span class='ocrx_word' id='word_1_72' title='bbox 536 1004 666 1050; x_wconf 78' lang='lat' dir='ltr'>poetae</span> <span class='ocrx_word' id='word_1_73' title='bbox 694 1002 887 1049; x_wconf 88' lang='lat' dir='ltr'>scriptura.</span> 
     </span>
    </p>
   </div>
   <div class='ocr_carea' id='block_1_9' title="bbox 73 1074 1532 1178">
    <p class='ocr_par' dir='ltr' id='par_1_9' title="bbox 73 1074 1532 1178">
     <span class='ocr_line' id='line_1_14' title="bbox 199 1074 1532 1124; baseline -0.002 -11"><span class='ocrx_word' id='word_1_74' title='bbox 199 1077 287 1114; x_wconf 84' lang='lat'>506.</span> <span class='ocrx_word' id='word_1_75' title='bbox 316 1075 494 1114; x_wconf 72' lang='lat' dir='ltr'><em>intellexti</em></span> <span class='ocrx_word' id='word_1_76' title='bbox 520 1077 631 1122; x_wconf 87' lang='lat' dir='ltr'>itast;</span> <span class='ocrx_word' id='word_1_77' title='bbox 658 1076 749 1113; x_wconf 87' lang='lat' dir='ltr'>haec</span> <span class='ocrx_word' id='word_1_78' title='bbox 767 1075 992 1124; x_wconf 86' lang='lat' dir='ltr'>synaloepha</span> <span class='ocrx_word' id='word_1_79' title='bbox 1019 1086 1093 1112; x_wconf 91' lang='lat' dir='ltr'>non</span> <span class='ocrx_word' id='word_1_80' title='bbox 1122 1077 1244 1113; x_wconf 83' lang='lat' dir='ltr'>exstat</span> <span class='ocrx_word' id='word_1_81' title='bbox 1262 1074 1302 1111; x_wconf 90' lang='lat' dir='ltr'>in</span> <span class='ocrx_word' id='word_1_82' title='bbox 1322 1074 1439 1117; x_wconf 86' lang='lat' dir='ltr'>codd.,</span> <span class='ocrx_word' id='word_1_83' title='bbox 1467 1074 1532 1111; x_wconf 86' lang='lat' dir='ltr'><em>sed</em></span> 
     </span>
     <span class='ocr_line' id='line_1_15' title="bbox 73 1139 590 1178; baseline -0.004 0"><span class='ocrx_word' id='word_1_84' title='bbox 73 1139 292 1178; x_wconf 86' lang='lat' dir='ltr'>Conradtius</span> <span class='ocrx_word' id='word_1_85' title='bbox 321 1139 464 1177; x_wconf 90' lang='lat' dir='ltr'>addidit</span> <span class='ocrx_word' id='word_1_86' title='bbox 490 1140 590 1177; x_wconf 83' lang='lat' dir='ltr'>itast.</span> 
     </span>
    </p>
   </div>
   <div class='ocr_carea' id='block_1_10' title="bbox 196 1212 1529 1336">
    <p class='ocr_par' dir='ltr' id='par_1_10' title="bbox 196 1212 1529 1336">
     <span class='ocr_line' id='line_1_16' title="bbox 196 1212 977 1261; baseline -0.001 -8"><span class='ocrx_word' id='word_1_87' title='bbox 196 1216 285 1253; x_wconf 86' lang='lat'>535.</span> <span class='ocrx_word' id='word_1_88' title='bbox 314 1214 362 1252; x_wconf 85' lang='lat' dir='ltr'>Et</span> <span class='ocrx_word' id='word_1_89' title='bbox 389 1216 481 1253; x_wconf 77' lang='lat' dir='ltr'><em>tune</em></span> <span class='ocrx_word' id='word_1_90' title='bbox 506 1225 561 1252; x_wconf 80' lang='lat' dir='ltr'>em</span> <span class='ocrx_word' id='word_1_91' title='bbox 589 1216 628 1252; x_wconf 81' lang='lat' dir='ltr'><em>et</em></span> <span class='ocrx_word' id='word_1_92' title='bbox 655 1216 725 1251; x_wconf 75' lang='lat' dir='ltr'><em>tun</em></span> <span class='ocrx_word' id='word_1_93' title='bbox 752 1224 806 1252; x_wconf 80' lang='lat' dir='ltr'><em>om</em></span> <span class='ocrx_word' id='word_1_94' title='bbox 833 1212 977 1261; x_wconf 87' lang='lat' dir='ltr'>legitur.</span> 
     </span>
     <span class='ocr_line' id='line_1_17' title="bbox 196 1286 1529 1336; baseline -0.002 -10"><span class='ocrx_word' id='word_1_95' title='bbox 196 1290 283 1327; x_wconf 86' lang='lat'>613.</span> <span class='ocrx_word' id='word_1_96' title='bbox 311 1301 388 1336; x_wconf 75' lang='lat' dir='ltr'>qua</span> <span class='ocrx_word' id='word_1_97' title='bbox 415 1288 605 1333; x_wconf 61' lang='lat' dir='ltr'><em>audaeim</em></span> <span class='ocrx_word' id='word_1_98' title='bbox 631 1287 797 1325; x_wconf 81' lang='lat' dir='ltr'>audacia</span> <span class='ocrx_word' id='word_1_99' title='bbox 824 1288 980 1325; x_wconf 84' lang='lat' dir='ltr'>coniecit</span> <span class='ocrx_word' id='word_1_100' title='bbox 1012 1287 1063 1324; x_wconf 90' lang='lat' dir='ltr'>Fl.</span> <span class='ocrx_word' id='word_1_101' title='bbox 1092 1298 1156 1335; x_wconf 88' lang='lat' dir='ltr'>pro</span> <span class='ocrx_word' id='word_1_102' title='bbox 1189 1287 1356 1324; x_wconf 92' lang='lat' dir='ltr'>codicum</span> <span class='ocrx_word' id='word_1_103' title='bbox 1375 1286 1529 1333; x_wconf 75' lang='lat' dir='ltr'>fiducia.</span> 
     </span>
    </p>
   </div>
   <div class='ocr_carea' id='block_1_11' title="bbox 67 1360 1531 1673">
    <p class='ocr_par' dir='ltr' id='par_1_11' title="bbox 67 1360 1531 1465">
     <span class='ocr_line' id='line_1_18' title="bbox 196 1360 1531 1411; baseline -0.003 -9"><span class='ocrx_word' id='word_1_104' title='bbox 196 1363 282 1402; x_wconf 84' lang='lat'>614.</span> <span class='ocrx_word' id='word_1_105' title='bbox 311 1375 367 1401; x_wconf 90' lang='lat' dir='ltr'>me</span> <span class='ocrx_word' id='word_1_106' title='bbox 395 1362 564 1411; x_wconf 78' lang='lat' dir='ltr'>equidem</span> <span class='ocrx_word' id='word_1_107' title='bbox 599 1361 745 1410; x_wconf 76' lang='lat' dir='ltr'>scripsit</span> <span class='ocrx_word' id='word_1_108' title='bbox 781 1361 846 1400; x_wconf 87' lang='lat' dir='ltr'>Dz.</span> <span class='ocrx_word' id='word_1_109' title='bbox 882 1372 946 1410; x_wconf 89' lang='lat' dir='ltr'>pro</span> <span class='ocrx_word' id='word_1_110' title='bbox 986 1361 1067 1398; x_wconf 87' lang='lat' dir='ltr'><strong>libr.</strong></span> <span class='ocrx_word' id='word_1_111' title='bbox 1102 1373 1158 1398; x_wconf 91' lang='lat' dir='ltr'>me</span> <span class='ocrx_word' id='word_1_112' title='bbox 1185 1360 1333 1409; x_wconf 78' lang='lat' dir='ltr'><em>quidem</em></span> <span class='ocrx_word' id='word_1_113' title='bbox 1374 1372 1417 1399; x_wconf 83' lang='lat' dir='ltr'>ex</span> <span class='ocrx_word' id='word_1_114' title='bbox 1445 1372 1531 1398; x_wconf 88' lang='lat' dir='ltr'>con-</span> 
     </span>
     <span class='ocr_line' id='line_1_19' title="bbox 67 1427 553 1465; baseline -0.004 0"><span class='ocrx_word' id='word_1_115' title='bbox 67 1428 207 1465; x_wconf 87' lang='lat' dir='ltr'>iectura</span> <span class='ocrx_word' id='word_1_116' title='bbox 235 1438 325 1464; x_wconf 87' lang='lat' dir='ltr'>sane</span> <span class='ocrx_word' id='word_1_117' title='bbox 354 1427 553 1464; x_wconf 86' lang='lat' dir='ltr'>lenissima.</span> 
     </span>
    </p>

    <p class='ocr_par' dir='ltr' id='par_1_12' title="bbox 67 1499 1531 1673">
     <span class='ocr_line' id='line_1_20' title="bbox 195 1499 1531 1546; baseline -0.003 -6"><span class='ocrx_word' id='word_1_118' title='bbox 195 1502 281 1540; x_wconf 87' lang='lat'>861.</span> <span class='ocrx_word' id='word_1_119' title='bbox 309 1502 409 1539; x_wconf 82' lang='lat' dir='ltr'>iutro</span> <span class='ocrx_word' id='word_1_120' title='bbox 435 1500 555 1546; x_wconf 56' lang='lat' dir='ltr'><em>haum</em></span> <span class='ocrx_word' id='word_1_121' title='bbox 591 1499 690 1537; x_wconf 72' lang='lat' dir='ltr'><em>hum</em></span> <span class='ocrx_word' id='word_1_122' title='bbox 727 1500 764 1537; x_wconf 90' lang='lat' dir='ltr'>in</span> <span class='ocrx_word' id='word_1_123' title='bbox 800 1499 883 1537; x_wconf 90' lang='lat' dir='ltr'>aliis</span> <span class='ocrx_word' id='word_1_124' title='bbox 922 1499 1024 1538; x_wconf 88' lang='lat' dir='ltr'>codd.</span> <span class='ocrx_word' id='word_1_125' title='bbox 1061 1499 1148 1537; x_wconf 87' lang='lat' dir='ltr'>locis</span> <span class='ocrx_word' id='word_1_126' title='bbox 1188 1499 1270 1536; x_wconf 88' lang='lat' dir='ltr'>aliis</span> <span class='ocrx_word' id='word_1_127' title='bbox 1307 1499 1531 1537; x_wconf 85' lang='lat' dir='ltr'>collocatum</span> 
     </span>
     <span class='ocr_line' id='line_1_21' title="bbox 67 1562 1528 1611; baseline -0.002 -9"><span class='ocrx_word' id='word_1_128' title='bbox 67 1566 215 1610; x_wconf 76' lang='lat' dir='ltr'>librarii,</span> <span class='ocrx_word' id='word_1_129' title='bbox 242 1568 286 1602; x_wconf 88' lang='lat' dir='ltr'><em>ut</em></span> <span class='ocrx_word' id='word_1_130' title='bbox 313 1576 472 1609; x_wconf 88' lang='lat' dir='ltr'>versum,</span> <span class='ocrx_word' id='word_1_131' title='bbox 501 1565 560 1601; x_wconf 89' lang='lat' dir='ltr'>cui</span> <span class='ocrx_word' id='word_1_132' title='bbox 587 1575 673 1602; x_wconf 85' lang='lat' dir='ltr'>voce</span> <span class='ocrx_word' id='word_1_133' title='bbox 701 1563 880 1601; x_wconf 73' lang='lat' dir='ltr'><em>sublimen</em></span> <span class='ocrx_word' id='word_1_134' title='bbox 907 1564 947 1600; x_wconf 90' lang='lat' dir='ltr'>in</span> <span class='ocrx_word' id='word_1_135' title='bbox 974 1562 1163 1600; x_wconf 83' lang='lat' dir='ltr'><em>sublimem</em></span> <span class='ocrx_word' id='word_1_136' title='bbox 1191 1565 1355 1600; x_wconf 89' lang='lat' dir='ltr'>correcta</span> <span class='ocrx_word' id='word_1_137' title='bbox 1384 1563 1528 1611; x_wconf 81' lang='lat' dir='ltr'>syllaba</span> 
     </span>
     <span class='ocr_line' id='line_1_22' title="bbox 68 1626 913 1673; baseline -0.001 -8"><span class='ocrx_word' id='word_1_138' title='bbox 68 1629 200 1673; x_wconf 83' lang='lat' dir='ltr'>deerat,</span> <span class='ocrx_word' id='word_1_139' title='bbox 228 1629 474 1673; x_wconf 80' lang='lat' dir='ltr'>restituerent,</span> <span class='ocrx_word' id='word_1_140' title='bbox 501 1628 656 1665; x_wconf 87' lang='lat' dir='ltr'>fortasse</span> <span class='ocrx_word' id='word_1_141' title='bbox 685 1626 913 1664; x_wconf 84' lang='lat' dir='ltr'>addiderunt.</span> 
     </span>
    </p>
   </div>
   <div class='ocr_carea' id='block_1_12' title="bbox 67 1700 1529 1941">
    <p class='ocr_par' dir='ltr' id='par_1_13' title="bbox 67 1700 1529 1941">
     <span class='ocr_line' id='line_1_23' title="bbox 192 1700 1529 1747; baseline -0.002 -7"><span class='ocrx_word' id='word_1_142' title='bbox 192 1703 280 1741; x_wconf 81' lang='lat'>940.</span> <span class='ocrx_word' id='word_1_143' title='bbox 309 1702 602 1739; x_wconf 85' lang='lat' dir='ltr'>Vocabulorum:</span> <span class='ocrx_word' id='word_1_144' title='bbox 621 1703 662 1738; x_wconf 84' lang='lat' dir='ltr'>at</span> <span class='ocrx_word' id='word_1_145' title='bbox 678 1700 771 1738; x_wconf 79' lang='lat' dir='ltr'>mihi</span> <span class='ocrx_word' id='word_1_146' title='bbox 788 1712 891 1737; x_wconf 64' lang='lat' dir='ltr'><em>‘ciuus</em></span> <span class='ocrx_word' id='word_1_147' title='bbox 908 1700 1107 1747; x_wconf 76' lang='lat' dir='ltr'><em>serupulus</em></span> <span class='ocrx_word' id='word_1_148' title='bbox 1125 1701 1237 1738; x_wconf 81' lang='lat' dir='ltr'><em>etiam</em></span> <span class='ocrx_word' id='word_1_149' title='bbox 1252 1700 1529 1737; x_wconf 75' lang='lat' dir='ltr'>collocationem</span> 
     </span>
     <span class='ocr_line' id='line_1_24' title="bbox 67 1764 1527 1812; baseline -0.001 -9"><span class='ocrx_word' id='word_1_150' title='bbox 67 1765 166 1803; x_wconf 88' lang='lat' dir='ltr'>codd.</span> <span class='ocrx_word' id='word_1_151' title='bbox 196 1766 375 1803; x_wconf 75' lang='lat' dir='ltr'>traditam</span> <span class='ocrx_word' id='word_1_152' title='bbox 402 1765 468 1802; x_wconf 91' lang='lat' dir='ltr'>Dz.</span> <span class='ocrx_word' id='word_1_153' title='bbox 498 1765 763 1802; x_wconf 85' lang='lat' dir='ltr'>transmutavit</span> <span class='ocrx_word' id='word_1_154' title='bbox 789 1764 841 1802; x_wconf 89' lang='lat' dir='ltr'>rei</span> <span class='ocrx_word' id='word_1_155' title='bbox 868 1764 1044 1802; x_wconf 87' lang='lat' dir='ltr'>metricae</span> <span class='ocrx_word' id='word_1_156' title='bbox 1071 1775 1205 1807; x_wconf 84' lang='lat' dir='ltr'>causa;</span> <span class='ocrx_word' id='word_1_157' title='bbox 1235 1764 1407 1812; x_wconf 81' lang='lat' dir='ltr'>equidem</span> <span class='ocrx_word' id='word_1_158' title='bbox 1434 1766 1527 1812; x_wconf 88' lang='lat' dir='ltr'>puto</span> 
     </span>
     <span class='ocr_line' id='line_1_25' title="bbox 67 1827 1528 1871; baseline -0.001 -6"><span class='ocrx_word' id='word_1_159' title='bbox 67 1839 151 1866; x_wconf 91' lang='lat' dir='ltr'><em>cum</em></span> <span class='ocrx_word' id='word_1_160' title='bbox 169 1829 222 1867; x_wconf 89' lang='lat' dir='ltr'>Fl.</span> <span class='ocrx_word' id='word_1_161' title='bbox 251 1828 344 1867; x_wconf 78' lang='lat' dir='ltr'>mihi</span> <span class='ocrx_word' id='word_1_162' title='bbox 368 1830 409 1867; x_wconf 89' lang='lat' dir='ltr'>in</span> <span class='ocrx_word' id='word_1_163' title='bbox 429 1829 481 1866; x_wconf 91' lang='lat' dir='ltr'>mi</span> <span class='ocrx_word' id='word_1_164' title='bbox 507 1827 798 1866; x_wconf 88' lang='lat' dir='ltr'>contrahendum</span> <span class='ocrx_word' id='word_1_165' title='bbox 827 1839 928 1871; x_wconf 79' lang='lat' dir='ltr'><em>esse3</em></span> <span class='ocrx_word' id='word_1_166' title='bbox 956 1827 1048 1864; x_wconf 91' lang='lat' dir='ltr'>illud</span> <span class='ocrx_word' id='word_1_167' title='bbox 1075 1827 1175 1865; x_wconf 88' lang='lat' dir='ltr'>enim</span> <span class='ocrx_word' id='word_1_168' title='bbox 1202 1838 1305 1864; x_wconf 78' lang='lat' dir='ltr'><em>uuus</em></span> <span class='ocrx_word' id='word_1_169' title='bbox 1332 1827 1400 1864; x_wconf 89' lang='lat' dir='ltr'>hoc</span> <span class='ocrx_word' id='word_1_170' title='bbox 1418 1827 1528 1864; x_wconf 91' lang='lat' dir='ltr'>modo</span> 
     </span>
     <span class='ocr_line' id='line_1_26' title="bbox 68 1891 1424 1941; baseline 0.001 -12"><span class='ocrx_word' id='word_1_171' title='bbox 68 1893 224 1931; x_wconf 85' lang='lat' dir='ltr'>maxime</span> <span class='ocrx_word' id='word_1_172' title='bbox 253 1893 412 1938; x_wconf 80' lang='lat' dir='ltr'>effertur,</span> <span class='ocrx_word' id='word_1_173' title='bbox 439 1893 477 1930; x_wconf 90' lang='lat' dir='ltr'>id</span> <span class='ocrx_word' id='word_1_174' title='bbox 506 1892 603 1941; x_wconf 88' lang='lat' dir='ltr'>quod</span> <span class='ocrx_word' id='word_1_175' title='bbox 631 1892 902 1930; x_wconf 84' lang='lat' dir='ltr'>sententiarum</span> <span class='ocrx_word' id='word_1_176' title='bbox 930 1892 1065 1929; x_wconf 86' lang='lat' dir='ltr'>rationi</span> <span class='ocrx_word' id='word_1_177' title='bbox 1092 1891 1329 1940; x_wconf 86' lang='lat' dir='ltr'>aptissimum</span> <span class='ocrx_word' id='word_1_178' title='bbox 1358 1893 1424 1930; x_wconf 86' lang='lat' dir='ltr'>est.</span> 
     </span>
    </p>
   </div>
   <div class='ocr_carea' id='block_1_13' title="bbox 67 1966 1529 2132">
    <p class='ocr_par' dir='ltr' id='par_1_14' title="bbox 67 1966 1529 2132">
     <span class='ocr_line' id='line_1_27' title="bbox 193 1966 1529 2013; baseline -0.002 -8"><span class='ocrx_word' id='word_1_179' title='bbox 193 1967 328 2005; x_wconf 87' lang='lat' dir='ltr'>Heaut.</span> <span class='ocrx_word' id='word_1_180' title='bbox 358 1968 446 2004; x_wconf 82' lang='lat'>232.</span> <span class='ocrx_word' id='word_1_181' title='bbox 482 1966 526 2003; x_wconf 91' lang='lat' dir='ltr'>In</span> <span class='ocrx_word' id='word_1_182' title='bbox 563 1967 674 2004; x_wconf 91' lang='lat' dir='ltr'>huius</span> <span class='ocrx_word' id='word_1_183' title='bbox 710 1978 838 2003; x_wconf 89' lang='lat' dir='ltr'>versus</span> <span class='ocrx_word' id='word_1_184' title='bbox 866 1966 1078 2003; x_wconf 86' lang='lat' dir='ltr'>elisionibus</span> <span class='ocrx_word' id='word_1_185' title='bbox 1112 1966 1352 2013; x_wconf 86' lang='lat' dir='ltr'>congerendis</span> <span class='ocrx_word' id='word_1_186' title='bbox 1379 1968 1529 2003; x_wconf 85' lang='lat' dir='ltr'><em>secutus</em></span> 
     </span>
     <span class='ocr_line' id='line_1_28' title="bbox 69 2029 1528 2078; baseline 0.001 -13"><span class='ocrx_word' id='word_1_187' title='bbox 69 2039 151 2066; x_wconf 90' lang='lat' dir='ltr'><em>sum</em></span> <span class='ocrx_word' id='word_1_188' title='bbox 179 2030 243 2074; x_wconf 74' lang='lat' dir='ltr'>Fi..</span> <span class='ocrx_word' id='word_1_189' title='bbox 272 2031 336 2078; x_wconf 92' lang='lat' dir='ltr'>qui</span> <span class='ocrx_word' id='word_1_190' title='bbox 364 2031 556 2067; x_wconf 88' lang='lat' dir='ltr'>lenissima</span> <span class='ocrx_word' id='word_1_191' title='bbox 575 2030 779 2067; x_wconf 75' lang='lat' dir='ltr'><em>mutatione</em></span> <span class='ocrx_word' id='word_1_192' title='bbox 809 2040 899 2066; x_wconf 91' lang='lat' dir='ltr'><em>usus</em></span> <span class='ocrx_word' id='word_1_193' title='bbox 927 2030 1120 2067; x_wconf 85' lang='lat' dir='ltr'>lectionem</span> <span class='ocrx_word' id='word_1_194' title='bbox 1149 2031 1361 2077; x_wconf 78' lang='lat' dir='ltr'>corruptam</span> <span class='ocrx_word' id='word_1_195' title='bbox 1389 2029 1528 2077; x_wconf 90' lang='lat' dir='ltr'>optime</span> 
     </span>
     <span class='ocr_line' id='line_1_29' title="bbox 67 2093 518 2132; baseline 0.004 -3"><span class='ocrx_word' id='word_1_196' title='bbox 67 2102 217 2131; x_wconf 86' lang='lat' dir='ltr'>sanasse</span> <span class='ocrx_word' id='word_1_197' title='bbox 244 2094 335 2131; x_wconf 89' lang='lat' dir='ltr'>mihi</span> <span class='ocrx_word' id='word_1_198' title='bbox 363 2093 518 2132; x_wconf 87' lang='lat' dir='ltr'>videtur.</span> 
     </span>
    </p>
   </div>
   <div class='ocr_carea' id='block_1_14' title="bbox 66 2166 1536 2344">
    <p class='ocr_par' dir='ltr' id='par_1_15' title="bbox 66 2166 1536 2344">
     <span class='ocr_line' id='line_1_30' title="bbox 191 2166 949 2213; baseline -0.003 -8"><span class='ocrx_word' id='word_1_199' title='bbox 191 2169 278 2206; x_wconf 86' lang='lat'>238.</span> <span class='ocrx_word' id='word_1_200' title='bbox 308 2169 403 2206; x_wconf 79' lang='lat' dir='ltr'><em>istuc</em></span> <span class='ocrx_word' id='word_1_201' title='bbox 429 2168 508 2205; x_wconf 82' lang='lat' dir='ltr'>iam</span> <span class='ocrx_word' id='word_1_202' title='bbox 535 2168 624 2213; x_wconf 85' lang='lat' dir='ltr'>erit;</span> <span class='ocrx_word' id='word_1_203' title='bbox 651 2168 730 2205; x_wconf 80' lang='lat' dir='ltr'>iam</span> <span class='ocrx_word' id='word_1_204' title='bbox 757 2178 828 2204; x_wconf 92' lang='lat' dir='ltr'>om.</span> <span class='ocrx_word' id='word_1_205' title='bbox 856 2166 949 2204; x_wconf 87' lang='lat' dir='ltr'>libri.</span> 
     </span>
     <span class='ocr_line' id='line_1_31' title="bbox 192 2240 1536 2281; baseline -0.002 -2"><span class='ocrx_word' id='word_1_206' title='bbox 192 2243 279 2281; x_wconf 80' lang='lat'>678.</span> <span class='ocrx_word' id='word_1_207' title='bbox 311 2242 443 2280; x_wconf 86' lang='lat' dir='ltr'>Voces:</span> <span class='ocrx_word' id='word_1_208' title='bbox 471 2241 570 2279; x_wconf 85' lang='lat' dir='ltr'><em>idem</em></span> <span class='ocrx_word' id='word_1_209' title='bbox 597 2241 691 2279; x_wconf 80' lang='lat' dir='ltr'><em>illud</em></span> <span class='ocrx_word' id='word_1_210' title='bbox 715 2241 769 2279; x_wconf 82' lang='lat' dir='ltr'>ad</span> <span class='ocrx_word' id='word_1_211' title='bbox 794 2253 852 2279; x_wconf 89' lang='lat' dir='ltr'>me</span> <span class='ocrx_word' id='word_1_212' title='bbox 878 2241 919 2278; x_wconf 88' lang='lat' dir='ltr'>in</span> <span class='ocrx_word' id='word_1_213' title='bbox 947 2240 1049 2278; x_wconf 89' lang='lat' dir='ltr'>libris</span> <span class='ocrx_word' id='word_1_214' title='bbox 1077 2252 1263 2279; x_wconf 84' lang='lat' dir='ltr'>manuscr.</span> <span class='ocrx_word' id='word_1_215' title='bbox 1293 2241 1390 2279; x_wconf 89' lang='lat' dir='ltr'>varie</span> <span class='ocrx_word' id='word_1_216' title='bbox 1418 2240 1536 2278; x_wconf 30' lang='lat' dir='ltr'>collo-⁷</span> 
     </span>
     <span class='ocr_line' id='line_1_32' title="bbox 66 2305 1093 2344; baseline 0.002 -4"><span class='ocrx_word' id='word_1_217' title='bbox 66 2305 168 2342; x_wconf 80' lang='lat' dir='ltr'>eatae</span> <span class='ocrx_word' id='word_1_218' title='bbox 196 2307 243 2344; x_wconf 86' lang='lat' dir='ltr'>ab</span> <span class='ocrx_word' id='word_1_219' title='bbox 272 2306 354 2344; x_wconf 89' lang='lat' dir='ltr'>aliis</span> <span class='ocrx_word' id='word_1_220' title='bbox 382 2305 583 2344; x_wconf 86' lang='lat' dir='ltr'>editoribus</span> <span class='ocrx_word' id='word_1_221' title='bbox 612 2305 720 2343; x_wconf 89' lang='lat' dir='ltr'>aliter</span> <span class='ocrx_word' id='word_1_222' title='bbox 747 2305 966 2343; x_wconf 82' lang='lat' dir='ltr'>coniunctae</span> <span class='ocrx_word' id='word_1_223' title='bbox 995 2307 1093 2342; x_wconf 90' lang='lat' dir='ltr'>sunt.</span> 
     </span>
    </p>
   </div>
   <div class='ocr_carea' id='block_1_15' title="bbox 64 2378 1529 2620">
    <p class='ocr_par' dir='ltr' id='par_1_16' title="bbox 64 2378 1529 2620">
     <span class='ocr_line' id='line_1_33' title="bbox 189 2378 1529 2427; baseline -0.001 -10"><span class='ocrx_word' id='word_1_224' title='bbox 189 2381 277 2419; x_wconf 90' lang='lat'>999.</span> <span class='ocrx_word' id='word_1_225' title='bbox 305 2392 358 2419; x_wconf 76' lang='lat' dir='ltr'>an</span> <span class='ocrx_word' id='word_1_226' title='bbox 386 2381 463 2419; x_wconf 75' lang='lat' dir='ltr'><em>iam</em></span> <span class='ocrx_word' id='word_1_227' title='bbox 481 2392 634 2418; x_wconf 79' lang='lat' dir='ltr'><em>uxorem</em></span> <span class='ocrx_word' id='word_1_228' title='bbox 641 2392 655 2427; x_wconf 90' lang='lat'><em>;</em></span> <span class='ocrx_word' id='word_1_229' title='bbox 683 2380 736 2419; x_wconf 92' lang='lat' dir='ltr'>sic</span> <span class='ocrx_word' id='word_1_230' title='bbox 754 2380 827 2427; x_wconf 80' lang='lat' dir='ltr'>legi</span> <span class='ocrx_word' id='word_1_231' title='bbox 846 2380 926 2417; x_wconf 88' lang='lat' dir='ltr'>vult</span> <span class='ocrx_word' id='word_1_232' title='bbox 944 2379 1009 2417; x_wconf 91' lang='lat' dir='ltr'>Dz.</span> <span class='ocrx_word' id='word_1_233' title='bbox 1029 2381 1127 2417; x_wconf 85' lang='lat' dir='ltr'>recte</span> <span class='ocrx_word' id='word_1_234' title='bbox 1145 2379 1337 2417; x_wconf 85' lang='lat' dir='ltr'>affirmans</span> <span class='ocrx_word' id='word_1_235' title='bbox 1356 2378 1529 2417; x_wconf 88' lang='lat' dir='ltr'>codicum</span> 
     </span>
     <span class='ocr_line' id='line_1_34' title="bbox 66 2441 1525 2499; baseline 0.001 -20"><span class='ocrx_word' id='word_1_236' title='bbox 66 2441 284 2491; x_wconf 84' lang='lat' dir='ltr'>scripturam</span> <span class='ocrx_word' id='word_1_237' title='bbox 312 2455 415 2482; x_wconf 76' lang='lat' dir='ltr'><em>aune</em></span> <span class='ocrx_word' id='word_1_238' title='bbox 434 2443 667 2482; x_wconf 84' lang='lat' dir='ltr'>tolerandum</span> <span class='ocrx_word' id='word_1_239' title='bbox 687 2454 760 2482; x_wconf 89' lang='lat' dir='ltr'>non</span> <span class='ocrx_word' id='word_1_240' title='bbox 788 2454 882 2488; x_wconf 83' lang='lat' dir='ltr'><em>esse,</em></span> <span class='ocrx_word' id='word_1_241' title='bbox 909 2454 996 2481; x_wconf 86' lang='lat' dir='ltr'><em>cum</em></span> <span class='ocrx_word' id='word_1_242' title='bbox 1015 2443 1083 2481; x_wconf 91' lang='lat' dir='ltr'>hoc</span> <span class='ocrx_word' id='word_1_243' title='bbox 1101 2454 1204 2480; x_wconf 78' lang='lat' dir='ltr'><em>aune</em></span> <span class='ocrx_word' id='word_1_244' title='bbox 1231 2442 1333 2499; x_wconf 73' lang='lat' dir='ltr'>talibi</span> <span class='ocrx_word' id='word_1_245' title='bbox 1351 2442 1389 2480; x_wconf 88' lang='lat' dir='ltr'>in</span> <span class='ocrx_word' id='word_1_246' title='bbox 1409 2442 1525 2481; x_wconf 88' lang='lat' dir='ltr'>altero</span> 
     </span>
     <span class='ocr_line' id='line_1_35' title="bbox 64 2498 1526 2557; baseline 0.003 -17"><span class='ocrx_word' id='word_1_247' title='bbox 64 2504 211 2544; x_wconf 84' lang='lat' dir='ltr'>tantum</span> <span class='ocrx_word' id='word_1_248' title='bbox 239 2508 396 2557; x_wconf 87' lang='lat' dir='ltr'>duplicis</span> <span class='ocrx_word' id='word_1_249' title='bbox 433 2508 729 2555; x_wconf 86' lang='lat' dir='ltr'>interrogationis</span> <span class='ocrx_word' id='word_1_250' title='bbox 766 2507 935 2545; x_wconf 88' lang='lat' dir='ltr'>membro</span> <span class='ocrx_word' id='word_1_251' title='bbox 961 2498 1136 2556; x_wconf 81' lang='lat' dir='ltr'>positum&#39;</span> <span class='ocrx_word' id='word_1_252' title='bbox 1172 2506 1430 2550; x_wconf 78' lang='lat' dir='ltr'>inveniamus3</span> <span class='ocrx_word' id='word_1_253' title='bbox 1460 2506 1526 2545; x_wconf 84' lang='lat' dir='ltr'><em>sed</em></span> 
     </span>
     <span class='ocr_line' id='line_1_36' title="bbox 64 2567 842 2620; baseline 0.005 -16"><span class='ocrx_word' id='word_1_254' title='bbox 64 2567 190 2607; x_wconf 82' lang='lat' dir='ltr'>tamen</span> <span class='ocrx_word' id='word_1_255' title='bbox 218 2572 428 2620; x_wconf 84' lang='lat' dir='ltr'><em>exemplum</em></span> <span class='ocrx_word' id='word_1_256' title='bbox 456 2571 726 2619; x_wconf 83' lang='lat' dir='ltr'><em>neglegendum</em></span> <span class='ocrx_word' id='word_1_257' title='bbox 754 2573 842 2609; x_wconf 83' lang='lat' dir='ltr'>erat.</span> 
     </span>
    </p>
   </div>
  </div>
 </body>
</html>
