1874 2904
761 160 840 196 ‚21

211 287 270 324 51.
301 283 411 323 Sosia
439 287 481 323 et.
524 285 627 323 Haec
654 286 757 324 elisio
786 286 890 324 deest
915 286 954 323 in
983 286 1186 328 codicibus;
1216 286 1385 324 Donatus
1404 285 1547 323 addidit

73 362 206 390 *vocesz
236 350 283 406 (et
308 340 483 386 liberius'.
514 349 675 394 Accedit,
704 349 800 398 quod
833 350 1057 387 vocabulum
1089 349 1241 388 liberius
1258 349 1454 388 offensione
1473 361 1546 387 non

75 418 201 458 wacat,
236 413 290 450 ita
323 415 367 450 ut
403 423 530 450 omnes
564 412 640 451 fere
668 412 824 451 editores
852 415 1000 451 auctore
1030 412 1068 452 C.
1097 413 1136 451 F.
1166 413 1382 452 Hermanno
1411 413 1473 464 (cf.
1503 414 1544 451 R.

84 479 132 518 Μ,
161 477 212 514 VI
240 488 273 525 p.
303 477 381 513 444
410 477 498 524 seq.)
548 487 653 514 voces
705 475 816 514 Sosia
864 479 898 514 et
946 489 1019 525 seq.
1058 488 1175 525 usque
1213 478 1259 514 ad
1292 489 1420 515 vocem
1455 489 1547 515 nam

75 544 181 580 'recte
210 540 422 577 deleverint.

174 647 179 651 ,
211 604 272 641 64.
303 602 516 641 Secundum
536 603 794 641 Dziatzconem
822 606 1002 641 concentu
1026 604 1192 641 omnium
1216 604 1382 642 codicum
1402 607 1547 653 praeter

78 668 307 707 Bembinum
356 667 566 704 exhibetur:
634 678 759 704 eorum
798 666 945 714 obsequi
985 667 1123 705 studiis
1164 667 1346 705 adversus
1389 669 1543 706 nemini.

84 731 273 770 Bentleius
311 730 357 767 ad
394 730 495 767 hunc
533 730 655 767 locum
692 731 845 767 annotat
882 730 988 768 haec:
1037 742 1123 788 cnon
1159 730 1305 769 difficile
1330 734 1397 776 est,
1434 731 1547 770 inter-

74 806 230 834 ·noscere
267 794 327 831 hic
361 794 669 842 interpolatorem,
704 794 770 841 qui
804 793 966 831 Terentii
1001 805 1183 842 purpurae
1211 805 1378 843 pannum
1406 795 1450 833 de
1480 806 1546 833 suo

79 859 217 898 adsuit.
253 857 375 895 Primo
405 857 463 895 hic
491 857 618 895 vitiose
646 857 796 905 ponitur
823 857 916 895 arsis
944 869 1068 895 eorum
1100 857 1249 906 obsequi
1278 857 1424 896 studiis.
1466 858 1546 896 Hoc

84 924 120 960 in
158 921 278 959 medio
314 932 422 958 versu
457 932 527 957 non
565 920 713 958 fecisset
746 920 952 965 Terentius,
990 921 1063 968 qui,
1099 924 1142 957 ut
1177 922 1230 958 ait
1264 921 1430 965 Flaccus,
1468 925 1546 959 arte

79 985 263 1023 vincebat.
321 984 461 1022 Deinde
497 983 553 1022 bis
587 983 688 1022 idem
726 984 876 1028 dicitur;
915 987 980 1022 aut
1009 984 1105 1033 quod
1135 985 1250 1033 peius,
1284 985 1321 1022 in
1349 986 1546 1034 posteriore

84 1052 159 1087 loco
187 1049 312 1085 minus
341 1048 486 1090 dicitur,
515 1048 702 1085 sententia
730 1048 965 1086 decrescente
993 1078 1001 1085 .
1031 1079 1038 1086 .
1068 1080 1075 1086 .
1130 1048 1239 1085 Porro
1267 1052 1304 1086 et
1331 1049 1458 1087 vitiose
1488 1050 1547 1086 hic

78 1113 218 1151 dicitur
250 1154 252 1157 ,
259 1123 497 1160 praeponens
546 1111 634 1150 illis.
705 1110 800 1150 Cum
842 1112 941 1150 enim
977 1113 1078 1161 prius
1115 1113 1284 1151 universe
1319 1113 1462 1151 locutus
1498 1114 1547 1151 sit-

74 1177 236 1219 ,zvzem'ini,
272 1176 469 1214 dicendum
519 1177 647 1224 utique
683 1179 763 1214 erat
803 1175 893 1214 aliis
933 1188 1006 1213 non
1047 1176 1134 1214 ill-is.
1217 1176 1384 1225 Denique
1419 1177 1546 1215 vitiose

84 1240 216 1277 transit
256 1239 372 1276 oratio
400 1239 447 1276 ab
489 1239 588 1276 infin.
631 1239 678 1276 ad
720 1230 925 1277 adiectiva'.
989 1239 1181 1277 Bentleius
1223 1239 1271 1276 ad
1309 1239 1545 1277 offensionem

83 1303 283 1341 tollendam
320 1303 469 1340 vocibus
503 1302 651 1351 obsequi
678 1303 816 1341 studiis
854 1303 1116 1340 transmutatis
1145 1314 1211 1340 suo
1238 1303 1318 1341 iure
1347 1304 1546 1341 vocabula:

76 1366 263 1404 adversus
304 1378 400 1414 seqq.
446 1377 565 1414 usque
607 1366 655 1404 ad
695 1367 750 1404 ita
776 1368 817 1403 ut
844 1366 949 1404 valde
978 1369 1149 1414 suspecta
1176 1367 1281 1404 uncis
1307 1366 1467 1408 inclusit,
1494 1368 1547 1404 ita

51 1429 53 1432 ⁴
84 1433 126 1466 ut
153 1430 399 1478 synaloephae
427 1442 551 1467 eorum
578 1429 726 1477 obsequi
753 1432 790 1467 et
817 1441 856 1467 se
882 1429 957 1467 illis
985 1430 1210 1467 omittendae
1239 1430 1322 1468 sint.

210 1504 299 1542 221.
326 1503 413 1542 olim
439 1503 528 1542 hinc
554 1504 727 1552 quidam
759 1504 844 1542 hinc
868 1504 976 1543 ‚deest
1003 1504 1041 1542 in
1069 1504 1172 1543 codd.

198 1569 297 1607 ⁴226.
327 1568 380 1606 ad
405 1568 528 1616 forum
555 1571 605 1606 ut.
661 1568 894 1613 Vocabulum
920 1570 963 1605 ut
1002 1568 1133 1606 ultimo
1162 1580 1290 1607 versus
1332 1570 1408 1607 loco
1442 1569 1546 1607 valde

89 1633 302 1680 suspectum
329 1643 458 1670 omnes
487 1632 561 1670 fere
588 1633 804 1681 interpretes
832 1632 1055 1670 deleverunt.

209 1707 286 1744 270
316 1736 324 1744 .
353 1736 361 1744 .
391 1738 398 1745 .
428 1719 517 1744 sezt
558 1706 640 1744 hem
680 1718 801 1755 eyone.
862 1707 1159 1744 Interiectionem
1186 1706 1278 1751 hcm,
1321 1719 1415 1755 quae
1444 1708 1548 1745 deest

85 1769 122 1805 in
158 1769 281 1807 codice
317 1769 534 1813 G,Dziatzco
576 1781 661 1807 mea
706 1770 857 1818 quidem
897 1770 1081 1808 sententia
1116 1770 1226 1808 metri
1262 1781 1376 1808 causa
1410 1771 1546 1819 optime

76 1832 188 1869 uncis
216 1833 376 1871 inclusit.

209 1912 297 1951 277.
325 1912 392 1951 sed
408 1912 483 1950 vim
499 1889 543 1950 a}
559 1925 676 1960 queas
709 1914 763 1951 sic
782 1913 853 1960 legi
874 1913 953 1951 vult
972 1913 1308 1962 Umpfenbachius;
1353 1913 1544 1951 Dziatzco:

73 2000 150 2037 *sed
165 1986 316 2040 vimmut.
384 2003 475 2039 Mihi
517 2003 668 2051 quidem
709 2014 778 2041 vox
818 2004 893 2040 vim
920 2004 954 2041 h.
976 2004 996 2041 l.
1025 2003 1216 2052 aptissime
1245 2007 1401 2041 accentu
1429 2004 1545 2041 efferri

75 2063 236 2104 xvidetur.

210 2130 298 2167 289.
328 2130 440 2167 Elisio
481 2132 514 2168 te
540 2130 639 2168 hane
673 2141 695 2167 a
736 2130 953 2168 Dziatzcone
988 2131 1138 2168 vocibus
1174 2133 1302 2179 poetae
1339 2131 1442 2168 illata
1477 2134 1545 2168 est.

209 2204 298 2242 439.
328 2205 516 2243 Vocabula
557 2205 595 2243 in
623 2205 703 2244 libr.
732 2216 917 2245 manuscr.
947 2205 999 2243 sic
1027 2208 1117 2244 sunt
1143 2206 1360 2244 coniuncta:
1393 2207 1544 2253 propter

71 2263 233 2305 [huiusce
259 2267 424 2316 hospitae
450 2269 663 2307 consuetud.
684 2298 692 2306 .
714 2298 723 2306 .
767 2280 882 2317 quam
916 2270 1109 2307 lectionem
1147 2272 1264 2307 metro
1302 2280 1372 2306 non
1410 2269 1547 2306 suffici-

71 2330 206 2368 ·entem
241 2323 392 2381 plurimi
427 2333 584 2371 editores
619 2333 672 2371 sic
705 2332 865 2382 expediri
904 2344 1008 2382 posse
1036 2335 1187 2382 putant:
1222 2332 1375 2371 huiusce
1398 2335 1547 2380 propter

71 2396 393 2434 monsuetudinem.
452 2396 524 2434 Sed
560 2397 656 2434 hanc
694 2397 888 2434 verborum
922 2397 1224 2445 compositionem
1262 2396 1545 2445 improbandam

71 2464 162 2494 esse
190 2457 280 2497 dicit
305 2460 369 2499 Dz.
399 2460 621 2499 contendens
649 2461 909 2509 pronominum
936 2459 1026 2507 hice,
1058 2459 1222 2507 huiusce,
1247 2460 1374 2509 plenas
1407 2460 1546 2499 formas

73 2521 168 2557 -ante
196 2524 338 2561 vocales
366 2526 517 2562 tantum
545 2524 684 2573 positas
706 2524 804 2573 apud
822 2524 903 2562 Ter.
923 2524 1096 2569 inveniri;
1125 2535 1199 2573 qua
1226 2535 1341 2562 causa
1360 2524 1546 2563 adductus

75 2580 146 2621 DZ.
179 2586 294 2625 aliam
330 2599 457 2627 versus
495 2589 652 2627 sanandi
689 2589 791 2627 viam
827 2589 1016 2637 ingressus
1056 2589 1221 2638 scripsit:
1284 2590 1367 2627 eius
1395 2591 1548 2637 propter
