1874 2904
1034 137 1085 172 24

451 265 538 303 511.
576 275 776 311 congruere
809 262 874 300 illi.
940 262 1049 299 Hunc
1097 273 1266 307 versum,
1304 264 1369 311 qui
1407 264 1607 302 codicibus·
1630 276 1786 303 mancus

319 328 489 370 traditur,
524 328 589 366 Dz.
623 329 766 365 veteres
808 326 967 364 editores
1005 327 1153 363 secutus
1194 325 1250 364 illi
1286 329 1368 375 post
1408 338 1609 375 confluere
1643 329 1784 367 inserto

319 392 514 430 restituere
543 391 677 429 studet.

447 456 537 493 515.
566 454 625 493 ille
651 453 910 492 adulescentis.
958 453 1061 491 Haec
1090 453 1313 502 synaloepha
1341 465 1414 492 non
1442 455 1577 503 legitur
1603 456 1640 493 in
1669 456 1785 501 codd,

319 519 384 558 sed
413 520 528 557 Brixii
557 519 778 562 coniectura,
815 528 929 566 quam
965 517 1032 554 Dz.
1060 517 1156 556 inter
1190 519 1319 566 poetae
1357 518 1467 556 verba
1495 519 1642 568 recepit,
1679 520 1785 559 illata

319 586 395 629 est;
424 584 567 622 codices
596 583 695 621 enim
715 582 904 621 exhibent:
933 580 992 620 ille
1016 579 1173 625 Cliniae,
1203 581 1299 630 quod
1327 583 1446 620 metro
1475 594 1547 621 non
1574 584 1783 633 respondet.

319 648 391 685 Sed
420 648 482 684 alii
511 648 618 684 aliter
645 648 767 683 locum
796 656 927 682 sanare
956 645 1191 683 studuerunt.

447 710 535 748 541.
564 711 687 747 iocoue
721 720 775 746 an
803 709 910 745 serio.
967 708 1033 745 Dz.
1061 708 1184 745 iocoue
1212 710 1341 746 contra
1368 709 1443 747 rell.
1472 709 1655 748 editorum
1682 711 1785 749 ‘locon

318 774 517 821 legendum
556 773 743 821 proponit;
777 773 856 820 ipse
893 772 937 809 de
973 771 1157 819 particula
1193 783 1241 808 ne
1276 772 1426 810 vocibus
1463 773 1661 811 coniuncta
1688 775 1785 812 hanc

318 837 487 886 exposuit
514 847 704 874 normam:
734 835 999 893 (Hinsichtlich
1027 834 1093 872 der
1119 834 1232 872 Wahl
1260 835 1441 874 zwischen
1469 836 1534 873 dei·
1560 837 1680 875 vollen
1708 838 1784 876 und

317 901 382 939 der
411 900 742 948 abgeschwachten
771 899 879 936 Form
908 898 973 936 der
993 898 1267 947 Fragepartikel
1295 899 1357 948 (ne
1386 910 1422 937 u.
1450 899 1500 949 a.)
1530 900 1676 938 scheint
1703 902 1784 940 eine

317 964 591 1012 Vergleichung
618 963 683 1001 der
718 963 860 1000 freilich
889 962 974 999 sehr
1002 961 1294 999 schwankenden
1323 961 1628 1012 Ueberlieferung
1656 976 1701 1001 zu
1729 976 1785 1002 er-

316 1028 454 1074 geben:
486 1026 527 1076 1)
556 1027 642 1064 dass
671 1027 769 1064 nach
798 1025 954 1063 Conson.
984 1025 1167 1063 natnrlich
1195 1025 1308 1063 volles
1343 1037 1389 1063 ne
1421 1026 1586 1070 eintritt;
1626 1028 1665 1077 2)
1687 1029 1784 1066 nach

316 1092 451 1138 langen
471 1091 662 1128 Vokalen
652 1102 710 1128 ιιι
730 1101 761 1128 a
781 1089 1046 1136 mehrsilbigen
1065 1088 1240 1126 Wortern
1261 1089 1398 1127 blosses
1419 1081 1480 1146 n'‚
1510 1091 1542 1129 b.
1563 1091 1782 1140 einsilbigen

316 1153 494 1192 Wortern
530 1154 713 1192 entweder
763 1145 801 1190 n'
838 1153 926 1191 oder
976 1144 1035 1191 ne'
1064 1152 1266 1196 erscheint3
1305 1153 1346 1202 3)
1374 1153 1463 1191 dass
1500 1155 1594 1191 nach
1631 1155 1783 1193 kurzem

316 1216 495 1256 Vokale:
509 1229 540 1256 a.
570 1229 633 1255 vor
659 1218 810 1255 kurzem
842 1216 979 1254 Vokale
1006 1217 1045 1253 in
1073 1216 1137 1253 der
1165 1216 1281 1264 Regel
1322 1208 1406 1274 ne',
1443 1217 1477 1255 b
1513 1229 1577 1256 vor
1605 1217 1782 1258 Consona

316 1295 352 1319 α.
380 1282 465 1319 falls
495 1282 562 1319 das
582 1281 692 1319 Wort
718 1281 789 1318 mit
817 1280 882 1318 der
910 1279 1186 1329 Fragepartikel
1214 1280 1331 1318 selbst
1359 1281 1430 1318 den
1454 1281 1679 1320 Versaccent
1706 1284 1782 1329 hat,

317 1345 427 1382 volles
459 1337 531 1388 ne'
558 1347 595 1393 β.
615 1344 842 1382 andernfalls
875 1344 1114 1391 abgekurztes
1148 1335 1185 1380 n'
1215 1343 1330 1387 steht3
1362 1345 1410 1414 4)
1439 1345 1526 1382 dass
1546 1345 1604 1383 die
1620 1345 1781 1391 Worter,

316 1409 354 1445 in
373 1409 535 1446 welchen
554 1420 619 1446 vor
650 1401 708 1446 ne'
737 1408 796 1445 ein
830 1399 860 1444 s'
889 1407 1114 1454 ausgefallen
1143 1407 1204 1449 ist
1232 1419 1304 1444 nur
1334 1401 1373 1444 n'
1403 1408 1584 1446 behalten.
1642 1402 1781 1448 Satine'

315 1472 393 1510 und
424 1463 584 1529 potine',
613 1472 746 1510 welche
774 1471 871 1510 nach
900 1470 940 1520 3)
968 1470 1166 1509 behandelt
1184 1471 1340 1515 werden,
1370 1471 1452 1509 sind
1473 1483 1546 1510 ιιιιι·
1564 1452 1781 1512 sch‘einbare

314 1537 556 1574 Ausnahmen
586 1548 656 1573 von
685 1537 736 1584 4),
766 1536 813 1573 da
841 1535 893 1573 sie
913 1546 982 1572 aus
1016 1527 1107 1573 sate'
1135 1535 1212 1572 und
1242 1527 1351 1592 ‘pote
1379 1536 1450 1573 mit
1491 1528 1551 1574 ne'
1582 1538 1783 1585 abgekilrzt

315 1594 424 1637 sind.
481 1599 553 1637 Sed
583 1599 855 1642 Dziatzconem
893 1610 979 1635 cum
1014 1599 1092 1646 ipse
1127 1599 1194 1635 has
1233 1609 1385 1635 normas
1424 1610 1496 1636 ιιοιι
1524 1600 1631 1648 plane
1660 1603 1781 1639 certas

315 1674 396 1700 esse
415 1662 605 1706 concedat,
627 1663 837 1709 ubicunque
866 1662 925 1698 his
942 1661 1085 1708 legibus
1105 1661 1208 1698 nisus
1228 1661 1450 1709 scripturam
1470 1663 1571 1701 codd.
1591 1663 1780 1702 firmatam

315 1726 488 1771 mutavit,
516 1725 621 1775 sequi
648 1725 788 1769 dubito,
817 1725 869 1762 ita
897 1726 939 1762 ut
958 1724 1170 1762 huiusmodi
1189 1724 1355 1774 exempla
1375 1727 1418 1763 ut
1435 1725 1577 1764 incerta
1596 1727 1799 1781 omittam.>

445 1801 531 1838 708.
561 1801 672 1838 Hunc
702 1811 849 1837 versum
878 1799 942 1837 Dz.
979 1803 1017 1836 et
1043 1799 1095 1837 ΕΙ.
1126 1801 1340 1847 suspectum
1368 1811 1387 1837 e
1416 1802 1588 1838 contextu
1615 1805 1779 1839 movent.

445 1864 532 1901 786.
562 1865 664 1901 tanto
692 1875 797 1910 opere
825 1864 891 1900 aut
918 1864 1114 1909 tantopere.

445 1929 532 1966 798.
563 1928 756 1976 Scriptura
784 1928 895 1965 huius
916 1939 1053 1969 versus,
1084 1939 1178 1975 quae
1197 1927 1384 1965 invenitur
1402 1928 1441 1965 in
1461 1928 1575 1973 codd,
1595 1933 1781 1977 repugnat

314 1993 451 2036 metr03
481 1991 689 2029 emendatio
717 1992 857 2029 incerta
885 1993 952 2029 est.

444 2056 533 2093 866.
562 2054 710 2094 Dicito:
729 2068 742 2093 :
779 2068 835 2093 em
861 2055 974 2099 istum
1015 2055 1158 2103 syllaba
1193 2056 1310 2104 priore
1348 2056 1445 2093 vocis
1479 2056 1577 2093 istuc
1611 2060 1780 2105 correpta

316 2119 496 2156 vocabula
524 2131 581 2155 em
599 2120 696 2155 istuc
724 2119 867 2156 hiantia
886 2119 1004 2166 legere
1024 2118 1167 2162 malim,
1196 2129 1310 2166 quam
1330 2119 1494 2156 vocalem
1512 2130 1532 2156 o
1551 2120 1652 2157 verbi
1671 2120 1782 2158 dicito

314 2184 427 2220 simul
456 2194 542 2221 cum
572 2183 821 2221 interiectione
849 2195 906 2220 em
932 2183 1139 2232 pronomini
1179 2183 1275 2220 istuc
1309 2183 1538 2231 coniungere.

442 2247 535 2283 Eun.
567 2248 627 2284 38.
684 2247 794 2284 Hunc
822 2258 970 2284 versum
1000 2246 1064 2284 Dz.
1095 2247 1173 2283 sine
1200 2246 1301 2283 iusta
1330 2257 1443 2283 causa
1472 2247 1632 2285 seclusit.

445 2311 529 2348 132.
559 2309 623 2347 ubi
651 2321 730 2347 esse
758 2308 872 2353 haum
910 2321 991 2347 esse
1026 2309 1073 2346 ad
1109 2320 1256 2347 versum
1287 2309 1533 2357 supplendum
1562 2321 1584 2347 a
1612 2310 1781 2349 Bentleio

313 2374 483 2411 additum
513 2377 578 2412 est.

445 2437 530 2475 145.
567 2435 719 2474 Codices
749 2435 820 2473 BE
859 2436 1053 2474 exhibent:
1089 2436 1197 2484 cupio
1224 2434 1416 2482 abducere,
1445 2437 1520 2474 rell.
1558 2438 1708 2486 excepto
1736 2438 1780 2481 A,

313 2512 385 2549 quo
413 2501 610 2550 praebetur
637 2499 799 2548 cupiam,
827 2501 997 2547 cupiam,-
1030 2501 1068 2538 in
1097 2500 1296 2538 indicativo
1324 2511 1396 2537 non
1426 2506 1483 2538 est-
1509 2500 1780 2546 offendendum,

313 2568 355 2601 ut
383 2565 488 2602 docet
517 2565 632 2602 Andr.
664 2566 740 2602 837
768 2564 922 2611 ftwimzt.
