1874 2904
772 123 822 160 47

56 260 158 299 quae
185 250 301 287 vocali
330 242 374 308 ‘e'
402 250 600 288 finiuntur:
629 251 743 289 Andr.
773 253 861 290 947.
896 252 990 289 Eun.
1022 253 1108 289 781.
1141 252 1283 289 Phorm.
1317 252 1413 293 1753
1443 254 1528 287 tum

63 324 159 362 quae
186 314 225 351 in
260 313 424 352 vocalem
463 305 510 372 ‘a'
540 308 697 353 eadunt:
740 315 876 354 Heaut.
904 317 994 353 264.
1037 314 1133 354 Eun.
1162 316 1257 354 308-
1279 316 1367 353 651.
1423 314 1526 353 Haec

58 377 241 426 exempla,
283 388 378 425 quae
419 379 457 415 et
496 378 577 426 ipsa
618 379 744 416 omnia
785 379 824 416 in
866 380 940 416 arsi
981 382 1137 423 exstant,
1179 380 1238 416 his
1280 379 1434 428 pedibus
1473 379 1524 415 sic

58 440 244 479 attributa
279 443 384 479 sunt:
420 441 503 490 pedi
540 441 701 480 seeundo
732 443 779 479 17
793 471 802 487 ,
838 442 921 492 pedi
957 443 1063 480 tertio
1105 443 1176 488 10,.
1202 442 1285 492 pedi
1321 445 1452 491 quarto
1491 444 1526 484 7.

62 504 147 554 pedi
175 505 303 553 quinto
334 507 350 542 1
392 504 477 554 (Ad.
506 506 595 549 336,
631 506 694 553 qui
722 506 835 549 loeus,
872 517 959 544 eum
993 506 1175 554 script-ura
1202 506 1370 543 codicum
1398 506 1525 548 variet,

61 568 219 607 fortasse
256 569 295 606 in
330 569 486 606 dubium
525 569 710 607 vocandus
738 569 823 618 est),
861 569 946 618 pedi
987 573 1087 607 sexto
1116 570 1186 614 26,
1222 569 1304 618 pedi
1332 573 1460 607 octavo
1492 571 1526 607 1.

64 632 210 671 Vaeant
236 633 350 682 igitur
365 633 444 671 tali
472 633 697 682 synaloepha
731 644 796 682 pes
831 634 1011 683 septimus
1046 636 1084 672 et
1111 634 1275 682 exemplo
1303 634 1361 671 illo
1390 634 1529 672 incerto

58 699 213 745 excepto
242 708 308 746 pes
336 697 500 745 quintus.

192 760 246 799 Ut
259 761 336 799 iam
348 760 554 804 videamus,
581 772 676 809 quae
696 761 745 799 sit
763 761 873 799 huius
892 761 1057 799 elisionis
1076 760 1169 799 ratio
1187 760 1226 799 in
1242 772 1297 798 vv.
1319 761 1526 800 trochaicis.

65 826 231 874 exempla
259 824 413 862 afferam
442 825 511 862 sub
543 826 576 871 1„
606 826 643 870 2,
672 826 696 863 3
733 828 842 874 prout
869 837 974 863 voees
1003 825 1114 863 elisae
1141 827 1275 873 exeunt
1302 825 1341 862 in
1369 816 1433 881 t111'
1462 828 1529 862 aut

65 890 103 928 in
132 880 176 947 ‘e’
206 891 273 928 aut
299 889 338 926 in
367 879 426 946 32³.

194 952 380 1001 Sequente
422 953 567 1000 syllaba
612 953 720 1000 longa
757 953 923 1001 exempla
960 953 1193 1002 reperiuntur
1232 953 1271 990 in
1315 964 1370 990 vv.
1413 952 1526 990 trech.

61 1016 286 1066 septenariis
315 1016 424 1054 haee:

197 1081 234 1128 1)
264 1080 379 1117 Andr.
408 1081 497 1117 228.
526 1080 615 1117 360.
652 1080 740 1117 622.
770 1081 858 1117 830.
894 1081 984 1117 842.
1015 1081 1103 1117 859.
1133 1080 1221 1127 925,
1277 1080 1412 1117 Heaut.
1441 1081 1531 1117 397.

69 1144 182 1182 1014.
215 1143 327 1181 1048.
360 1143 472 1181 1053.
527 1143 620 1180 Eun.
649 1144 737 1182 236.
767 1144 854 1182 350.
886 1144 972 1181 703.
1004 1143 1091 1181 706.
1123 1143 1208 1181 796.
1239 1144 1326 1181 797.
1357 1143 1433 1180 805
1462 1143 1531 1180 bis.

62 1208 156 1247 962.
187 1207 300 1246 1055.
332 1207 445 1245 1093.
499 1206 647 1246 Phorm.
687 1207 773 1246 190.
810 1207 899 1245 201.
938 1207 1027 1245 322.
1065 1207 1153 1245 489.
1189 1207 1277 1245 513.
1316 1207 1404 1245 536.
1444 1207 1532 1245 876.

70 1272 183 1310 1026.
239 1271 328 1309 Hee.
358 1272 447 1308 522.
478 1272 565 1308 743.
596 1271 681 1308 748.
715 1271 803 1309 804.
834 1272 922 1309 811.
952 1272 1045 1309 846.
1108 1271 1176 1309 Ad.
1209 1272 1294 1309 167.
1324 1272 1413 1310 200.
1442 1273 1531 1309 319.

65 1336 157 1373 637.
190 1336 278 1373 877.
308 1335 395 1373 960.

194 1399 234 1447 2)
264 1398 377 1435 Andr.
415 1399 501 1435 323.
540 1399 626 1436 334.
663 1399 751 1435 644.
781 1399 859 1436 898
888 1399 954 1435 bis.
984 1400 1072 1436 974.
1135 1399 1272 1436 Heaut.
1314 1400 1404 1436 633.
1445 1400 1533 1436 721.

71 1461 181 1500 1042.
237 1460 331 1499 Eun.
361 1461 449 1499 352.
480 1461 567 1500 626.
597 1461 684 1501 970.
717 1461 828 1500 1051.
860 1461 971 1500 1054.
1006 1461 1116 1500 1069.
1155 1461 1303 1500 Phorm.
1332 1462 1421 1500 322.
1442 1462 1531 1500 325.

63 1527 157 1562 544.
197 1526 283 1561 741.
322 1525 409 1561 858.
464 1525 554 1561 Hee.
593 1526 682 1561 241.
718 1526 807 1561 382.
844 1526 933 1562 482.
964 1526 1050 1561 755.
1082 1526 1170 1563 806.
1226 1525 1294 1562 Ad.
1325 1527 1411 1563 631.
1442 1526 1532 1562 679.

64 1588 158 1626 864.
188 1588 276 1625 878.
306 1588 393 1626 969.
424 1588 513 1625 983.

196 1651 239 1700 3)
280 1650 395 1689 Andr.
437 1652 525 1688 248.
568 1652 655 1689 847.
713 1651 847 1689 Heaut.
895 1652 982 1690 599.
1023 1652 1111 1689 639.
1155 1652 1243 1690 907.
1286 1653 1375 1690 962.
1422 1652 1534 1690 1058.

70 1714 163 1753 Eun.
201 1716 289 1752 253.
330 1716 415 1753 715.
457 1715 569 1752 1077.
634 1715 780 1753 Phorm.
817 1715 905 1753 208.
942 1716 1031 1754 344.
1069 1716 1157 1754 521.
1195 1716 1283 1753 558.
1324 1717 1411 1754 739.
1467 1716 1534 1753 Ad.

65 1779 156 1816 309.
186 1779 274 1816 329.
304 1779 382 1815 978
411 1779 480 1815 bis.
510 1779 598 1816 990.

198 1851 382 1902 Sequente
411 1852 555 1901 syllaba
585 1852 684 1891 brevi
712 1852 803 1891 haee
830 1854 980 1891 exstant
1006 1853 1196 1903 exempla:

200 1918 238 1965 1)
267 1917 380 1954 Andr.
417 1917 506 1954 339.
542 1917 630 1955 902.
685 1917 822 1954 Heaut.
859 1917 946 1955 602.
1002 1917 1095 1955 Eun.
1135 1918 1247 1955 1030.
1279 1918 1393 1955 1072.
1424 1918 1535 1955 1091.

70 1979 218 2017 Phorm.
249 1980 337 2017 874.
393 1979 483 2017 Hee.
513 1980 601 2017 237.
658 1979 725 2018 Ad.
754 1980 843 2018 971.

198 2043 240 2092 2)
268 2043 386 2081 Andr.
415 2044 504 2081 254.
534 2044 623 2081 255.
652 2044 742 2082 379.
772 2045 861 2082 920.
918 2043 1015 2082 Eun.
1046 2045 1133 2082 721.
1189 2044 1337 2082 Phorm.
1367 2045 1455 2081 881.

199 2108 239 2152 3)
266 2107 378 2144 Andr.
414 2108 504 2144 323.
542 2108 630 2145 975.
704 2107 839 2145 Heaut.
883 2108 973 2145 629.
1029 2107 1122 2145 Eun.
1161 2109 1248 2146 243.
1320 2108 1409 2145 Hee.
1449 2108 1536 2145 870.

68 2170 138 2209 Ad.
167 2172 255 2209 321.
285 2171 373 2209 961.

198 2234 302 2272 Haec
341 2235 519 2282 exempla,
556 2245 651 2282 quae
689 2245 806 2283 aeque
843 2246 887 2273 ae
923 2246 1036 2284 supra
1073 2235 1197 2278 allata,
1235 2235 1359 2273 omnia
1394 2235 1434 2272 in
1462 2235 1537 2272 arsi

67 2296 406 2346 deprehenduntur,
442 2297 512 2335 hac
548 2298 690 2335 ratione
718 2298 876 2346 singulis
912 2298 1067 2347 pedibus
1106 2298 1287 2336 attributa
1314 2301 1418 2335 sunt:
1438 2294 1536 2346 'pedi

68 2361 233 2399 seeundo
262 2361 324 2406 23,
359 2360 443 2410 pedi
471 2360 578 2398 tertio
616 2361 675 2405 12,
710 2361 796 2410 pedi
823 2365 954 2410 quarto
985 2361 1045 2406 13,
1079 2361 1162 2410 pedi
1198 2361 1327 2410 quinto
1358 2362 1418 2405 13,
1451 2361 1538 2411 pedi

70 2426 173 2462 sexto
202 2425 264 2469 39,
292 2425 374 2473 pedi
402 2424 557 2472 septimo
586 2425 622 2466 3,
651 2424 729 2462 sedi
756 2436 883 2462 versus
903 2426 1089 2462 extremae
1112 2426 1177 2467 123
1212 2425 1247 2461 in
1278 2425 1395 2461 troeh.
1423 2425 1540 2472 igitur

69 2487 289 2536 septenariis
331 2498 418 2525 eum
460 2499 523 2537 pes
565 2487 749 2526 secundus
791 2489 873 2525 tum
914 2499 979 2536 pes
1015 2490 1139 2525 sextus
1178 2488 1264 2525 huie
1292 2488 1539 2537 synaloephae

72 2548 210 2589 favisse
238 2551 393 2589 videtur.
