1874 2904
1026 125 1077 161 46

624 252 660 289 2.
689 262 765 288 voc.
794 251 891 289 dact.
920 252 958 289 in
986 252 1152 290 vocalem
1181 244 1226 309 ‘e'
1256 252 1490 291 exeuntium:

443 325 554 363 Andr.
588 326 673 363 106.
703 327 791 365 417.
846 326 981 364 Heaut.
1011 327 1100 365 364.
1149 326 1294 365 Phorm.
1323 328 1357 365 2.
1387 328 1449 365 47.
1479 328 1541 365 61.
1574 327 1661 365 102.
1693 328 1780 366 126.

312 391 404 427 377.
436 389 525 427 392.
582 389 671 427 Hec.
701 391 765 427 56.
798 391 883 428 183.
916 391 1001 428 189.
1058 390 1126 428 Ad.
1156 391 1245 428 445.
1276 390 1364 428 901.

442 463 496 501 Ex
526 464 582 501 his
610 464 787 513 exemplis
826 465 949 503 allatis
984 467 1131 503 exstant
1167 465 1205 503 in
1233 465 1307 503 arsi
1336 465 1439 514 pedis
1467 464 1621 503 secundi
1648 465 1711 508 36,
1748 465 1786 504 in

302 528 389 565 »arsi
418 528 520 576 pedis
548 528 648 565 tertii
677 529 740 572 23,
769 529 806 566 in
837 529 911 566 arsi
940 529 1044 578 pedis
1072 529 1195 577 quarti
1217 530 1279 573 89,
1307 530 1346 566 in
1374 529 1449 566 arsi
1477 529 1580 578 pedis
1610 529 1704 567 sexti
1727 530 1785 568 11.

317 591 387 629 Pes
416 591 532 640 igitur
560 592 713 640 quintus
743 592 969 642 synaloepha
998 593 1123 632 vocab.
1152 592 1420 641 dactylioorum
1450 594 1566 631 vacat.

443 668 488 704 In
516 668 628 704 iamb.
658 668 874 715 septenariis
894 678 1000 705 voces
1028 668 1234 716 dactylicae
1262 668 1409 706 elisione
1428 667 1581 705 affectae
1610 668 1785 715 leguntur

317 741 391 779 seq.
422 731 503 779 syll.
534 731 643 778 longa
672 731 728 768 his
757 731 863 769 locis:

444 805 580 843 Heaut.
611 806 699 843 681.
729 806 818 843 696.
850 806 937 843 732.
977 805 1072 843 Eun.
1101 807 1191 843 264.
1220 807 1309 844 266.
1338 807 1427 844 270.
1456 806 1545 844 283.
1575 806 1663 843 540.
1693 807 1782 843 575.

315 869 405 908 595.
445 869 533 907 601.
573 869 661 906 603.
704 869 813 908 1011.
870 868 1019 907 Phorm.
1051 870 1138 908 753.
1170 870 1257 908 782.
1313 869 1403 908 Hec.
1442 869 1531 908 349
1569 869 1657 907 825.
1699 870 1786 908 832.

317 932 384 971 Ad.
415 934 501 971 707.
549 931 657 970 Locis
685 933 912 970 enumeratis
932 945 1038 971 voces
1067 933 1166 971 dact.
1193 934 1232 971 in
1274 926 1326 971 m'
1356 937 1499 971 exeunt.
1537 932 1580 971 In
1601 934 1788 982 exemplis,

316 1006 412 1043 quae
441 998 660 1044 sequuntur,
690 1007 795 1034 voces
823 996 919 1035 dact.
947 997 1064 1034 vocali
1106 988 1138 1034 e'
1168 997 1359 1035 finiuntur.
1398 997 1532 1035 Heaut.
1564 997 1651 1034 706.
1690 996 1786 1035 Eun.

304 1060 404 1097 262.
435 1060 512 1097 269
543 1060 609 1097 bis.
639 1061 728 1098 545.
785 1060 872 1099 Hec
903 1061 992 1097 255.
1022 1061 1111 1098 265.
1141 1061 1229 1098 268.
1261 1062 1349 1098 824.

446 1133 652 1177 Vocabula,
690 1134 734 1171 de
772 1134 907 1182 quibus
943 1134 1109 1182 agimus,
1145 1134 1183 1171 in
1222 1126 1269 1192 ca'
1307 1134 1478 1172 cadentia
1512 1134 1786 1172 imminuuntur

320 1197 376 1235 his
406 1197 516 1235 locis:

445 1261 539 1299 Eun.
573 1263 684 1299 1017.
742 1262 892 1299 Phorm.
924 1263 1010 1299 765.
1067 1262 1155 1300 Hec.
1195 1263 1284 1300 264.
1320 1263 1409 1300 271.
1447 1263 1536 1300 339.
1573 1263 1662 1300 523.
1701 1263 1786 1301 831.

314 1325 404 1363 833.
435 1325 522 1363 840.
592 1324 673 1374 Seq.
721 1325 867 1374 syllaba
914 1325 1014 1364 brevi
1063 1326 1154 1363 haec
1200 1326 1272 1363 tria
1318 1326 1483 1375 exempla
1528 1325 1787 1364 inveniuntur:

318 1389 410 1426 Eun.
442 1390 665 1437 [2611.d.].
695 1390 783 1426 287.
816 1390 928 1426 1012.
970 1389 1056 1426 Hec.
1089 1390 1175 1426 795.
1205 1389 1291 1437 (His
1320 1390 1464 1426 duobus
1484 1391 1572 1427 locis
1593 1401 1636 1426 ex
1656 1390 1784 1427 fabula

317 1451 411 1490 Eun.
440 1451 605 1501 repetitis
635 1454 770 1489 exeunt
797 1463 903 1490 voces
933 1452 970 1489 in
991 1443 1048 1509 ἴθ’,
1077 1452 1191 1490 altero
1211 1452 1288 1490 loco
1306 1452 1344 1489 in
1365 1444 1458 1510 tm'.)
1501 1452 1786 1491 Distribuuntur

312 1517 408 1552 haec
450 1516 502 1552 40
544 1516 710 1563 exempla
750 1516 788 1552 in
837 1516 1000 1561 singulos
1037 1516 1146 1563 pedes
1185 1516 1254 1552 hac
1291 1516 1453 1553 ratione:
1496 1517 1534 1552 in
1572 1516 1646 1552 arsi
1683 1516 1785 1564 pedis

318 1577 471 1616 secundi
500 1580 649 1616 exstant
677 1581 712 1622 4,
741 1578 778 1615 in
808 1579 881 1616 arsi
921 1578 1023 1627 pedis
1052 1578 1174 1627 quarti
1203 1578 1265 1621 20,
1303 1578 1341 1616 in
1370 1578 1443 1616 arsi
1471 1579 1573 1627 pedis
1601 1579 1721 1627 quinti
1753 1581 1796 1630 1.,

319 1643 359 1679 in
386 1642 462 1679 arsi
491 1642 592 1690 pedis
622 1642 713 1679 sexti
738 1644 796 1685 11,
824 1642 861 1679 in
882 1642 956 1679 arsi
976 1642 1078 1690 pedis
1098 1642 1245 1690 septimi
1274 1643 1319 1684 4;
1350 1642 1384 1679 in
1414 1642 1522 1680 tertio
1550 1642 1665 1689 igitur
1693 1642 1782 1691 pede

320 1706 428 1744 iamb.
459 1706 658 1754 septenarii
688 1706 778 1744 haec
807 1706 907 1743 elisio
937 1706 1104 1743 adhibita
1133 1717 1204 1743 non
1233 1709 1299 1743 est.

446 1780 499 1817 Ex
519 1781 631 1817 iamb.
651 1780 847 1817 octonariis
868 1781 959 1818 haec
978 1781 1145 1827 congessi
1160 1781 1328 1828 exempla
1343 1791 1415 1828 seq.
1432 1780 1575 1827 syllaba
1590 1780 1783 1828 producta:

450 1853 488 1904 1)
517 1865 592 1892 voc.
622 1854 717 1893 dact.
748 1853 786 1891 in
815 1845 879 1911 tm'
909 1853 1179 1892 desinentium:
1209 1853 1321 1891 Andr.
1342 1854 1432 1892 234.
1461 1854 1549 1892 590.
1579 1854 1666 1893 929.
1697 1854 1784 1892 948.

320 1918 452 1956 Heaut
483 1919 571 1956 618.
628 1918 722 1955 Eun.
751 1919 840 1955 223.
870 1919 960 1955 310.
989 1919 1078 1955 377.
1108 1918 1196 1956 385.
1226 1919 1315 1955 555.
1344 1918 1432 1956 565.
1464 1919 1551 1955 773.
1583 1920 1670 1956 778.
1702 1919 1786 1955 788.

320 1981 466 2020 Phorm.
496 1983 584 2019 477.
616 1982 702 2018 745.
759 1982 827 2019 Α(1.
856 1982 944 2019 216.
974 1981 1063 2018 312.
1092 1982 1179 2018 331.
1209 1982 1298 2018 336.
1328 1982 1417 2018 343.
1448 1981 1536 2018 624.

447 2046 487 2094 2)
518 2056 592 2083 xoc.
621 2045 731 2086 dact..
758 2056 853 2093 quae
881 2045 1063 2082 finiuntur
1090 2045 1206 2083 vocali
1235 2037 1298 2102 ‘e't
1327 2044 1440 2082 Andr.
1463 2044 1552 2082 200.
1582 2045 1670 2083 493.
1700 2045 1787 2082 654.

308 2110 406 2146 933.
463 2108 557 2146 Eun.
594 2110 684 2145 314.
725 2109 812 2146 736.
852 2109 940 2146 779.
996 2108 1143 2145 Phorm.
1183 2108 1270 2145 192.
1305 2108 1395 2145 237.
1436 2108 1524 2145 742.
1580 2108 1670 2146 Hec.
1699 2108 1787 2144 585.

318 2173 407 2209 853.
438 2172 526 2210 862.
582 2171 649 2209 Ad.
683 2173 769 2209 175.
802 2172 889 2209 186.
918 2173 1008 2209 341.
1039 2172 1128 2209 934.

448 2236 490 2283 3)
520 2247 594 2273 voc.
623 2236 720 2273 dact.
750 2246 845 2283 quae
880 2235 918 2272 in
950 2226 997 2292 ca'
1033 2237 1185 2273 exeunt:
1231 2235 1344 2273 Andr.
1382 2236 1471 2273 311.
1509 2236 1597 2274 934.
1653 2234 1788 2272 Heaut.

317 2300 406 2337 225.
443 2299 533 2336 234.
589 2298 738 2335 Phorm.
778 2299 867 2335 247.
905 2299 993 2336 475.
1032 2300 1117 2336 717.
1174 2298 1262 2336 Hec.
1303 2299 1390 2336 595.
1431 2298 1527 2347 [867
1562 2298 1584 2336 l.
1614 2298 1666 2346 d.]
1723 2296 1788 2334 Ad.

317 2363 407 2401 299.
442 2363 530 2400 606.

448 2426 633 2474 Sequente
663 2426 807 2474 syllaba
835 2428 1001 2473 correpta
1036 2436 1141 2462 voces
1177 2425 1275 2463 dact.
1303 2425 1525 2462 imminutae
1553 2425 1787 2472 excipiuntur

312 2500 364 2527 ac
392 2489 555 2538 primum
584 2500 649 2527 eae
678 2488 840 2537 quidem,
878 2499 973 2536 quae
1000 2488 1037 2525 in
1066 2499 1213 2526 conson.
1242 2479 1306 2544 ‘m'
1336 2487 1527 2526 desinunt:
1557 2487 1671 2526 Andr.
1701 2486 1789 2525 951.

318 2552 454 2591 Heaut.
487 2554 574 2591 191.
631 2551 779 2590 Phorm.
810 2552 899 2589 476.
945 2551 1035 2590 Hec.
1065 2553 1154 2589 545.
1185 2552 1272 2590 861.
1313 2551 1378 2590 Ad.
1411 2552 1497 2590 170.
1526 2552 1621 2595 291;
1660 2549 1788 2589 deinde
