1874 2904
1024 142 1099 178 22·

306 268 614 306 consuetudinem
659 268 814 306 huiusce
859 268 1032 316 hospitae.
1109 269 1215 316 Quae
1261 281 1347 308 cum
1388 270 1442 308 ita
1484 271 1570 314 sint,
1612 271 1793 309 elisiones:

306 331 461 369 huiusce
488 330 655 379 hospitae
682 334 720 370 et
746 332 1050 371 consuetudinem
1076 332 1229 372 huiusce
1256 337 1299 372 ut
1326 333 1458 372 dubias
1487 334 1638 383 neglexi.

436 407 526 444 525.
554 409 664 455 atque
691 406 796 445 haud
836 408 1030 446 exhibetur
1070 405 1275 451 codicibus;
1315 408 1377 447 Dz,
1406 411 1444 447 et
1472 409 1523 448 ΕΙ.
1564 421 1628 458 pro
1670 412 1795 458 atque·

307 470 380 517 legi
422 470 553 507 volunt
594 471 711 518 atqui.
781 470 967 519 Equidem
1022 476 1172 509 secutus
1224 483 1310 509 sum
1362 472 1554 510 lectionem
1595 473 1780 511 codicibus

307 533 498 579 traditam,
528 545 615 572 cum
644 534 738 572 illud
759 537 871 583 atque
890 534 1107 584 Spengelius
1139 535 1313 574 defendat
1345 537 1582 575 annotatione
1602 536 1650 574 ad
1667 537 1792 575 huius-

307 598 456 635 fabulae
493 609 525 645 Y·
554 598 631 635 225
661 599 752 636 hac:
794 600 905 646 atque
947 616 998 630 =
1038 599 1122 637 und
1148 598 1248 637 doch.
1305 600 1381 638 Der
1422 599 1619 638 Gebrauch
1660 601 1794 639 dieser·

308 661 470 700 Partikel
497 661 546 700 ist
575 661 634 700 bei
662 662 734 701 den
763 661 972 707 Comikern‚
1001 674 1085 702 zum
1108 662 1187 702 Teil
1215 664 1310 702 noch
1338 663 1398 702 bei
1418 662 1554 708 Cicero,
1583 664 1666 703 weit
1692 676 1793 703 aus--

307 725 510 773 gedehnter
537 726 592 763 als
621 727 660 763 in
690 729 855 775 spaterer
883 727 975 765 Zeit.
1033 727 1080 765 So
1108 728 1196 765 wird
1226 729 1278 766 sie
1306 740 1333 766 Z.
1354 728 1397 766 B.
1418 728 1544 776 haufig
1564 729 1794 774 verwendet‚.

309 800 361 827 wo
388 790 454 828 der
482 789 713 839 Sprechende
742 790 859 829 durch
888 791 994 829 einen
1023 791 1174 840 eigenen
1203 791 1420 841 plotzlichen
1440 790 1643 831 Gedanken
1671 793 1794 831 uber--

307 854 435 891 rascht
480 854 567 891 wird
583 882 593 895 ,
650 854 717 892 wie
762 856 872 902 atque
917 867 1040 892 eccum
1085 855 1188 893 video
1233 856 1487 893 abwechselnd
1535 856 1609 893 und
1657 857 1790 904 gleich.

305 917 514 958 bedentend
544 917 616 955 mit
643 917 711 955 sed
736 930 858 956 eccam
885 918 998 957 video.

437 983 525 1021 532.
554 982 679 1030 ipsum
705 981 863 1027 obviam
891 983 982 1021 haec
1010 983 1112 1021 elisio
1140 983 1246 1021 valde
1271 983 1385 1021 dubia
1418 986 1492 1029 est;
1520 984 1558 1021 in
1592 984 1793 1023 codicibus-

308 1046 408 1082 enim
446 1046 529 1083 aliis
564 1047 673 1084 aliter
709 1046 889 1095 scriptum
927 1047 1156 1091 invenimus;
1193 1047 1324 1095 opt-imi
1357 1047 1438 1085 Ter.
1476 1048 1560 1085 libri
1588 1048 1789 1086 exhibentz.

307 1110 432 1156 ipsam
477 1108 630 1156 obviam,
676 1110 755 1148 rell.
802 1112 887 1147 aut:
933 1111 1058 1157 sapsam
1103 1109 1244 1148 obviam
1295 1109 1485 1148 Chremem
1533 1114 1619 1149 aut:
1655 1113 1794 1159 ipsum.

314 1171 514 1211 Chremem.

439 1237 525 1276 548.
558 1236 680 1274 Huius
717 1247 845 1275 versus
883 1237 991 1274 lectio
1019 1248 1041 1274 a
1069 1236 1288 1276 Dziatzcone
1317 1238 1501 1287 proposita
1528 1238 1619 1276 mihi
1646 1239 1793 1288 impro--

310 1302 431 1344 batur,
459 1312 547 1339 cum
574 1312 774 1349 pronomen
802 1313 865 1349 eqo
892 1313 964 1338 non
992 1303 1077 1350 apte
1105 1302 1140 1340 h.
1170 1301 1191 1340 l.
1220 1301 1297 1339 ictu
1326 1301 1445 1339 efferri
1473 1302 1563 1340 mihi
1591 1303 1804 1348 videaturfi

309 1375 423 1413 quam
469 1364 515 1401 ob
557 1375 637 1402 rem
682 1365 822 1402 ceteros
869 1364 1035 1408 editores,
1082 1364 1146 1413 qui
1191 1365 1414 1413 scripturam
1441 1365 1612 1403 codicum
1640 1377 1659 1404 e
1687 1366 1816 1406 vitio<⁴

308 1429 542 1466 laborantem
583 1429 654 1465 hac
696 1429 958 1465 vocabulorum
999 1429 1253 1466 collocatione:
1307 1430 1456 1476 utrique
1491 1430 1534 1467 id
1567 1442 1629 1467 oro
1664 1433 1697 1467 te
1738 1431 1794 1468 in-

310 1484 499 1530 commune
525 1493 568 1528 at
593 1490 768 1529 causulas
796 1493 1031 1535 sanaverunt,
1060 1493 1210 1529 secutus
1240 1502 1336 1529 sum.

441 1556 527 1592 717.
556 1555 611 1591 Ex
644 1555 822 1591 librorum
857 1555 1040 1602 scriptura
1075 1556 1133 1592 hic
1169 1567 1296 1592 versus
1333 1559 1442 1593 sonat
1478 1557 1548 1593 sic:
1596 1569 1794 1594 summam>-

308 1618 441 1656 boaam
471 1628 551 1655 esse
578 1629 665 1655 erae
683 1618 822 1664 patavi
848 1616 948 1655 hane
975 1616 1233 1665 Pamphilum
1275 1629 1389 1667 quam
1417 1618 1622 1663 lectionem,
1650 1630 1795 1668 quam--

309 1694 424 1730 quam
453 1682 599 1720 numeri
629 1682 722 1720 bene
750 1681 963 1730 procedunt,
993 1681 1256 1729 Brugmannus
1285 1682 1325 1720 in
1352 1683 1674 1729 commentatione,
1703 1695 1792 1732 qua.

309 1757 421 1794 quem
463 1744 509 1783 ad
552 1744 707 1782 modum
749 1745 788 1782 in
830 1744 989 1782 iambico
1030 1745 1173 1783 senario
1206 1745 1365 1783 Romani
1402 1747 1542 1784 veteres
1585 1746 1791 1784 verborum¹

308 1812 486 1847 accentus
522 1820 609 1847 cum
646 1809 812 1846 numeris
848 1809 1149 1853 consociaverint,
1181 1809 1384 1857 inquisivit,
1414 1821 1486 1847 non
1512 1821 1644 1848 vacare
1672 1810 1795 1849 offen—-

309 1873 410 1911 sione
444 1872 608 1911 ostendit
645 1872 791 1916 docens,
828 1872 1138 1910 consociationem
1174 1872 1368 1911 verborum
1402 1875 1577 1911 accentus
1620 1876 1658 1911 et
1684 1874 1795 1912 ictus.

309 1937 510 1985 rhythmici
546 1937 587 1974 in
621 1937 730 1974 tertio
769 1937 999 1974 senariorum
1032 1937 1124 1985 pede
1153 1948 1302 1985 prorsus
1330 1938 1581 1975 necessariam
1609 1949 1701 1982 esse,
1728 1938 1796 1975 ita.

307 2003 352 2038 ut
379 2000 478 2038 hunc
505 2000 628 2038 locum
655 2000 806 2038 vocibus
835 1999 1004 2038 iambicis
1032 2001 1202 2049 occupari
1231 2011 1303 2038 non
1331 2000 1462 2045 liceat3
1491 2012 1566 2049 qua
1593 2001 1639 2040 de
1668 2012 1796 2039 causa.

309 2064 510 2113 legendum
546 2064 731 2113 proponit:
770 2095 777 2103 .
808 2094 816 2101 .
846 2077 933 2102 erae
968 2063 1069 2102 hune
1095 2065 1232 2112 patavi
1260 2064 1507 2112 Pamphilam.
1549 2064 1795 2114 Synaloepha.

307 2128 423 2176 igitur
442 2128 579 2175 putavi
605 2127 705 2165 hane
733 2130 790 2165 est
817 2128 970 2166 incerta.

439 2192 526 2230 718.
554 2192 719 2230 amicam
750 2194 963 2230 amatorem.
1018 2191 1249 2230 Vocabulum
1276 2193 1480 2230 amatorem
1507 2192 1793 2231 sententiarum.

307 2257 442 2294 rationi
471 2256 626 2294 minime
655 2258 787 2304 aptum
815 2256 980 2299 videtur;
1010 2256 1153 2294 accedit
1181 2256 1278 2304 quod
1306 2256 1463 2294 ultimae
1491 2257 1658 2294 eiusdem
1678 2258 1779 2295 vocis

308 2320 473 2369 syllabae
502 2331 576 2358 non
608 2320 699 2358 bene
726 2320 823 2357 ictus
843 2320 1038 2368 impositus
1058 2322 1126 2358 est.
1165 2319 1335 2357 Fortasse
1363 2331 1451 2357 cum
1472 2319 1639 2358 Bentleio
1658 2320 1794 2369 legen--

307 2384 399 2422 dum
421 2386 478 2422 est
506 2395 571 2433 pro
599 2383 772 2422 codicum
801 2383 984 2433 scriptura
1011 2385 1232 2422 amatorem:
1260 2385 1423 2422 tutorem.

438 2449 527 2486 868.
557 2450 661 2486 tanto
688 2460 811 2495 emera
847 2448 913 2485 alii
950 2448 1093 2485 codices
1130 2450 1234 2485 tanto
1261 2460 1365 2494 opere
1406 2448 1444 2485 in
1487 2447 1561 2486 duo
1602 2449 1792 2486 vocabula.

309 2511 543 2556 distractum,
587 2512 651 2549 alii
678 2512 719 2549 in
747 2522 866 2548 unum
896 2513 1129 2549 contractum
1157 2512 1347 2558 tantopore
1375 2512 1556 2551 exhibent.
1608 2512 1703 2550 Utra
1732 2512 1795 2550 sit*-

306 2577 435 2623 poetae
463 2575 645 2624 scriptura
673 2575 835 2613 discerni
862 2586 935 2612 non
963 2577 1094 2623 potest.
