1874 2904
803 524 1215 581 VITA.

400 776 522 814 Natus
559 788 644 814 sum
683 776 899 814 Clemens
929 776 1102 814 Moller
1138 777 1381 820 Riemslohae,
1417 777 1455 814 in
1484 777 1561 815 vico
1591 778 1744 815 Hanno—

271 851 414 885 verano,
462 851 494 879 3.
530 839 564 877 d.
601 839 682 878 VII.
719 839 808 877 Idus
850 841 945 888 Aug.
992 840 1080 877 anni
1126 839 1236 878 huius
1283 840 1421 878 saeculi
1464 839 1591 880 LXVI.
1638 844 1742 891 patre

270 904 495 949 Matthia,
541 906 662 942 matre
709 903 971 943 Catharina
1018 916 1037 942 e
1078 907 1187 952 gente
1232 904 1405 953 Degen,
1452 916 1542 954 quos
1588 906 1741 955 integris

269 969 393 1007 adhuc
446 968 586 1006 viribus
642 969 699 1006 uti
745 968 851 1006 valde
897 968 1050 1016 gaudeo.
1124 968 1252 1006 Fidem
1298 969 1467 1018 profiteor
1510 969 1741 1008 catholicam.

270 1033 496 1070 Litterarum
551 1032 772 1069 rudimentis
827 1032 1017 1069 imbutum
1068 1043 1131 1081 per
1176 1031 1267 1070 duos
1314 1042 1431 1070 annos
1479 1032 1740 1081 benignissime

267 1097 427 1135 erudivit
463 1108 524 1135 me
553 1097 596 1135 B.
623 1097 648 1134 J
656 1097 864 1144 ungblut
891 1095 935 1134 R.
965 1096 1020 1140 D..
1061 1097 1167 1134 cuius
1203 1099 1311 1144 grata
1338 1097 1518 1134 memoria
1547 1109 1740 1145 nunquam

267 1172 311 1198 ex
339 1161 464 1198 animo
492 1170 573 1197 meo
603 1162 803 1198 evanescet.
850 1159 940 1197 Vere
960 1170 992 1199 a.
1012 1160 1046 1197 h.
1069 1171 1098 1198 s.
1121 1149 1291 1197 LXXXII
1317 1159 1356 1198 in
1383 1160 1534 1199 tertiam
1557 1160 1740 1200 inferioris

267 1225 407 1263 ordinis
442 1225 601 1263 classem
638 1227 825 1273 receptus,
863 1236 928 1272 per
960 1224 1023 1262 sex
1051 1236 1166 1262 annos
1195 1225 1397 1273 discipulus
1424 1236 1526 1263 eram
1554 1227 1739 1273 gymnasii

268 1287 430 1325 Carolini
446 1287 755 1335 Osnabrugensis.
793 1287 1024 1325 Maturitatis
1044 1287 1141 1336 quod
1160 1288 1293 1325 vocant-
1311 1287 1521 1326 testimonio
1535 1288 1739 1327 instructus

266 1364 331 1402 per
349 1355 481 1401 quater
500 1364 606 1391 senos
625 1363 773 1391 menses
793 1352 830 1389 in
857 1352 1049 1390 academia
1068 1351 1351 1390 Monasteriensi
1370 1354 1408 1391 et
1426 1364 1490 1401 per
1510 1364 1573 1391 sex
1591 1365 1738 1391 menses

263 1417 303 1454 in
331 1417 570 1454 universitate
590 1415 846 1463 Herbipolensi
865 1415 998 1454 studiis
1017 1415 1275 1464 philosophicis
1294 1418 1331 1454 et
1349 1416 1562 1463 theologicis
1581 1427 1733 1465 operam

264 1480 359 1519 dedi.
426 1479 566 1519 Deinde
601 1479 638 1518 in
676 1478 867 1517 academia
904 1479 1186 1518 Monasteriensi
1228 1491 1292 1528 per
1332 1479 1444 1518 octies
1488 1492 1549 1519 sex
1587 1492 1737 1519 menses

264 1544 398 1582 studiis
427 1544 653 1592 philologieis
682 1543 828 1581 deditus
848 1544 1020 1581 docentes
1040 1543 1185 1580 audivi:
1216 1543 1259 1580 V.
1275 1543 1318 1580 V.
1339 1543 1384 1581 D.
1405 1544 1450 1581 D.
1471 1544 1738 1588 Andresen,

263 1607 561 1657 Hagemann,
597 1606 791 1652 Hosius,
827 1606 1031 1657 Kappes,
1067 1606 1291 1655 Korting,
1329 1607 1535 1656 Langen,
1572 1607 1739 1649 Mjlch—

262 1672 418 1716 heser,
448 1672 679 1716 Niehues,
709 1671 924 1720 Spicker,
955 1671 1112 1715 Stahl,
1142 1671 1317 1709 Storck.
1374 1671 1518 1709 Ibidem
1546 1672 1736 1710 seminarii

262 1735 481 1785 philologici,
516 1736 576 1774 cui
611 1737 788 1785 praesunt
818 1735 859 1773 V.
889 1735 933 1773 V.
963 1735 1008 1774 D.
1038 1735 1082 1773 D.
1113 1735 1304 1784 Langen
1340 1737 1377 1773 et
1410 1734 1554 1774 Stahl
1588 1747 1653 1785 per
1681 1736 1735 1774 bis

261 1811 370 1837 senos
398 1811 547 1837 menses
576 1800 710 1836 sodalis
736 1799 1059 1842 extraordinarius,
1091 1799 1224 1836 sodalis
1243 1799 1450 1837 ordinarius
1469 1810 1535 1848 per
1553 1801 1610 1837 ter
1629 1811 1735 1837 senos

260 1874 409 1902 menses
438 1874 553 1907 eram,
591 1874 750 1912 quorum
781 1874 845 1912 per
873 1874 936 1901 sex
963 1874 1110 1901 menses
1140 1862 1330 1901 seminarii
1357 1863 1478 1901 senior
1505 1862 1569 1902 fui.
1625 1862 1736 1902 Exer-

260 1928 499 1966 citationibus
529 1927 761 1966 Germanicis
791 1929 833 1965 ut
860 1927 1081 1965 interessem
1110 1928 1267 1975 benigne
1296 1927 1464 1976 permisit
1493 1927 1572 1965 Sto
1583 1928 1669 1966 rck.

390 2002 574 2041 Omnibus
616 2002 702 2041 viris
741 2003 785 2041 de
823 2014 882 2041 me
917 2002 1009 2041 bene
1047 2003 1189 2041 meritis
1226 2002 1367 2050 gratias
1404 2013 1474 2051 ago
1511 2014 1554 2041 ac
1590 2014 1738 2052 semper

261 2067 405 2106 habebo
431 2067 627 2105 maximas.
