1874 2904
797 159 847 196 41

84 294 205 333 quam
234 283 484 334 (accusativ.):
521 285 636 323 Andr.
665 286 753 324 273.
792 285 928 323 Heaut.
957 286 1046 323 927.
1075 285 1168 323 Eun.
1198 285 1260 323 68.
1289 285 1377 322 928.
1406 283 1555 321 Phorm.

87 348 184 386 371.
222 347 313 387 Heo.
342 349 430 387 685.
466 349 535 387 Ad.
564 349 626 387 91.
655 361 785 398 quem:
819 350 928 389 Andr.
952 350 1039 388 161.
1068 349 1163 387 Eun.
1183 350 1271 388 489.
1300 348 1446 386 Phorm.
1467 348 1556 386 367.

86 412 178 451 380.
198 423 347 461 quom.:
376 413 490 451 Andr.
521 414 608 452 152.
628 414 716 452 424.
737 415 825 452 883.
854 414 1001 452 Phorm.
1022 415 1111 452 912.
1131 415 1219 452 928.
1249 414 1316 451 Ad.
1339 414 1426 451 139.
1454 424 1554 451 rem:

89 475 226 514 Heaut.
256 476 316 514 89.
358 475 452 515 Eun.
483 477 569 516 138
616 476 762 517 Phorm.
791 477 878 517 418.
923 477 990 516 Ad.
1020 478 1107 517 932.
1154 488 1258 515 sum:
1301 476 1437 515 Heaut.
1469 475 1554 514 784.

85 540 178 578 857.
199 540 287 579 921.
316 540 412 579 Eun.
441 541 503 579 90.
526 542 612 579 147.
642 541 731 580 Heo.
764 544 823 580 15.
860 545 958 580 tam:
986 542 1135 580 Phorm.
1155 543 1244 579 956.
1282 544 1385 579 tum:
1419 540 1555 579 Heaut.

85 603 180 661 445.
215 603 308 642 Eun.
338 605 427 642 514.
464 604 554 643 Hec.
587 605 673 643 186.
711 605 779 643 Ad.
809 606 896 644 851.

546 733 587 774 Β.
627 733 664 774 in
694 733 810 775 iamb.
839 733 1107 785 septenariis:

217 827 328 866 dum:
378 829 526 868 Phorm.
558 830 645 868 770.
691 831 784 868 iam:
830 830 944 869 Andr.
974 831 1061 868 684.
1093 831 1179 868 704.
1227 830 1315 868 Hee.
1346 830 1434 868 273.
1465 829 1553 866 348.

86 903 198 930 nam:
240 892 376 931 Heaut.
406 894 494 931 689.
536 893 632 932 Eun.
662 895 749 933 290.
784 906 892 932 num:
930 894 1066 932 Heaut.
1096 895 1183 932 738.
1228 905 1343 942 quam
1373 893 1552 942 (partio.):

90 955 178 993 Hee.
208 956 296 994 259.
325 967 440 1005 quam
468 956 642 1007 (aecus.):
673 957 807 995 Heaut.
838 959 926 995 687.
955 969 1085 1006 quem:
1113 957 1208 995 Eun.
1238 958 1327 995 561.
1355 957 1444 995 Hee.
1465 957 1552 994 260.

85 1030 187 1057 rem:
217 1019 352 1058 Heaut.
384 1021 469 1058 740.
500 1020 587 1060 Hee.
619 1022 707 1059 791.
736 1032 839 1059 sum:
869 1021 958 1059 Hee.
988 1022 1076 1059 270.
1105 1023 1205 1059 turn:
1235 1021 1328 1058 Eun.
1358 1021 1446 1058 597.

557 1159 597 1202 G.
634 1160 671 1201 in
702 1160 819 1202 iamb.
847 1160 1093 1202 octonariis:

217 1256 328 1294 dum:
367 1257 481 1295 Andr.
511 1258 599 1295 201.
621 1258 709 1296 597.
738 1257 872 1296 Heaut.
902 1259 990 1295 257.
1019 1258 1111 1296 Eun.
1133 1259 1220 1295 570.
1251 1257 1319 1295 Ad.
1341 1257 1427 1295 196.
1456 1256 1552 1293 iam:

88 1319 224 1358 Heaut.
253 1321 342 1359 238.
386 1320 476 1359 Heo.
506 1321 595 1358 296.
640 1332 746 1359 nam:
781 1321 896 1359 Andr.
924 1322 1012 1360 489.
1050 1321 1196 1359 Phorm.
1226 1321 1312 1360 832.
1349 1320 1436 1358 Heo.
1467 1318 1552 1357 567.

35 1425 38 1428 ⁴
88 1383 155 1422 Ad.
194 1384 280 1422 194.
310 1385 399 1422 602.
446 1395 561 1434 quam
600 1384 774 1434 (partie.):
821 1385 931 1424 Andr.
970 1385 1059 1423 203.
1117 1385 1250 1423 Heaut.
1285 1385 1374 1422 213.
1421 1394 1552 1433 quem:

87 1448 224 1486 Heaut.
254 1449 342 1486 614.
372 1448 460 1492 Hee.
491 1450 578 1487 574.
608 1460 739 1498 quom:
777 1449 866 1488 Hee.
896 1450 984 1488 300.
1018 1449 1086 1487 Ad.
1108 1450 1196 1487 354.
1225 1460 1321 1487 rem:
1350 1448 1443 1486 Eun.
1467 1448 1553 1485 783.

85 1511 153 1549 Ad.
187 1513 274 1550 335.
304 1513 391 1551 343.
421 1524 526 1550 sum:
555 1513 667 1552 Andr.
697 1514 786 1551 616.
816 1514 906 1551 937.
935 1513 1070 1551 Heaut.
1100 1514 1187 1551 983.
1216 1514 1308 1551 Heo.
1337 1512 1425 1549 302.
1455 1514 1554 1549 tam:

86 1576 200 1614 Andr.
229 1576 319 1615 493.
355 1577 489 1616 Heaut.
521 1578 633 1616 1005.
671 1577 765 1615 Eun.
795 1578 884 1616 212.
919 1580 1022 1616 tum:
1058 1577 1152 1615 Eun.
1183 1578 1270 1615 570.

538 1715 578 1756 D.
617 1715 654 1756 in
682 1715 813 1756 troeh.
842 1714 1108 1766 septenariis:

215 1811 325 1849 dum:
353 1811 488 1850 Heaut.
521 1813 606 1850 714.
636 1812 725 1850 Hee.
747 1812 833 1849 745.
861 1812 959 1849 iam:
988 1811 1100 1849 Andr.
1122 1812 1210 1848 622.
1240 1810 1333 1848 Eun.
1358 1811 1444 1848 725.
1469 1810 1554 1848 765.

84 1875 176 1912 811.
218 1875 364 1913 Phorm.
394 1876 482 1914 525.
525 1876 614 1915 Hee.
645 1876 733 1914 543.
769 1875 837 1914 Ad.
866 1877 954 1913 590.
997 1887 1106 1913 nam:
1150 1875 1262 1912 Andr.
1291 1875 1379 1912 922.
1419 1874 1553 1911 Heaut.

84 1939 176 1977 328.
206 1940 294 1977 891.
340 1939 436 1978 Eun.
470 1940 559 1978 947.
605 1939 694 1979 Hee.
733 1940 822 1978 276.
852 1940 939 1978 814.
985 1939 1053 1978 Ad.
1081 1940 1170 1977 859.
1218 1950 1331 1987 quam
1373 1938 1553 1987 (partio.):

85 2003 198 2041 Andr.
230 2004 317 2041 825.
355 2004 443 2040 968.
487 2003 578 2041 Heo.
618 2004 705 2042 767.
758 2003 825 2042 Ad.
869 2003 954 2041 701.
1000 2014 1115 2051 quam
1157 2002 1283 2051 (aee.):
1329 2001 1422 2039 Eun.
1464 2001 1553 2038 963.

86 2066 233 2105 Phorm.
264 2067 351 2106 564.
381 2067 447 2106 Ad.
478 2067 566 2105 867.
607 2078 740 2116 quem:
770 2066 883 2106 Andr.
912 2067 1001 2105 341.
1021 2067 1110 2105 962.
1139 2066 1229 2105 Hee.
1261 2066 1349 2104 763.
1378 2065 1444 2104 Ad.
1465 2065 1554 2102 292.

85 2131 175 2168 563.
222 2142 354 2179 quom:
401 2131 511 2173 Andr.
549 2132 635 2169 839.
683 2131 828 2169 Heaut:
869 2131 957 2168 385.
1007 2131 1120 2167 1024.
1167 2130 1314 2167 Phorm.
1346 2130 1434 2166 202.
1466 2128 1553 2165 538.

87 2193 176 2232 Hee.
213 2194 301 2233 230.
347 2194 415 2232 Ad.
454 2195 541 2233 166.
587 2206 686 2233 rem:
733 2194 870 2233 Heaut.
907 2194 996 2231 942.
1044 2193 1190 2231 Phorm.
1230 2193 1318 2230 861.
1365 2192 1433 2230 Ad.
1462 2192 1551 2229 977.

84 2268 190 2295 sum:
252 2258 366 2296 Andr.
401 2259 489 2297 370.
551 2258 699 2296 Phorm.
736 2258 825 2296 204.
855 2258 943 2294 530.
1004 2257 1094 2294 Heo.
1131 2257 1220 2294 536.
1249 2257 1337 2294 614.
1366 2256 1434 2293 Ad.
1465 2255 1553 2292 634.

84 2321 185 2359 tam:
233 2321 325 2359 Eun.
355 2322 442 2359 210.
490 2323 590 2359 tum:
633 2321 768 2359 Heaut.
799 2321 886 2358 602.
933 2320 1080 2357 Phorm.
1111 2320 1196 2358 549.
1229 2319 1340 2357 1023.

545 2438 585 2478 Ε.
624 2438 662 2479 in
690 2438 822 2479 trooh.
850 2435 1097 2478 octonariis:

214 2535 324 2574 dum:
359 2535 425 2574 Ad.
458 2535 543 2574 157.
577 2535 672 2573 iam:
708 2534 856 2572 Phorm.
888 2533 974 2571 179.
1017 2543 1124 2570 nam:
1156 2532 1304 2570 Phorm.
1325 2533 1414 2570 468.
1454 2534 1552 2569 tam:

85 2600 198 2638 Andr.
228 2600 317 2639 608.
