1874 2904
806 136 853 173 19

224 262 297 301 Sed
332 262 408 299 iam
444 262 706 310 explorandum
743 265 810 308 est,
854 265 944 312 quot
985 263 1227 312 synaloephas
1261 262 1457 301 Terentius
1494 262 1560 299 uni

85 328 215 367 <eidem
242 325 364 364 versui
391 325 571 364 tribuerit.
614 326 657 364 In
686 326 787 364 nullo
809 337 918 365 versu
937 327 1080 365 senario
1098 326 1172 364 nisi
1189 326 1281 364 forte
1300 326 1336 364 in
1359 338 1390 365 v,
1410 326 1558 364 Phorm.

101 392 195 431 114:
242 401 359 438 neque
394 401 477 427 eum
509 402 664 438 aequom
699 390 756 428 ait
788 390 933 438 faeere:
969 390 1072 430 inam
1113 391 1226 429 civem
1260 402 1341 429 esse
1381 389 1558 436 Atticam,

94 455 221 494 inveni
255 454 337 503 plus
373 464 487 502 quam
525 454 686 502 quinque
721 454 891 492 elisiones
903 465 912 502 ;
961 454 1121 503 quinque
1163 456 1291 492 autem
1331 457 1479 492 exstant
1520 455 1559 492 in

87 519 210 558 Andr.
242 518 328 554 118.
360 517 446 555 146.
475 517 563 555 273.
591 517 681 554 420.
710 518 799 555 544.
828 518 924 566 [548
945 528 1015 556 sec.
1034 517 1321 566 Dziatzoonem]
1351 519 1440 556 572.
1470 519 1558 555 807.

99 583 187 620 813.
232 580 368 618 Heaut.
398 580 485 617 109.
514 581 602 618 265.
632 580 721 617 288.
751 581 840 617 855.
887 580 981 619 Eun.
1010 580 1071 618 84.
1103 581 1187 618 172.
1234 580 1324 618 Hec.
1356 581 1443 618 100.
1473 582 1560 618 696.

89 645 187 685 ¹714.
233 643 302 682 Ad.
334 644 396 682 83.
426 644 514 681 715.

226 719 269 755 In
304 718 472 755 iambicis
508 718 725 766 septenariis
762 729 829 755 sex
863 718 1107 767 synaloephae
1142 718 1304 762 tributae
1348 721 1437 756 sunt
1477 720 1562 757 huic

98 785 247 821 tantum
275 781 398 832 versui
424 782 515 819 Hec.
547 781 621 819 787
650 780 691 819 ob
718 793 799 819 eam
825 793 904 819 rem
930 782 995 819 vin
1022 793 1106 830 erqo
1133 782 1232 819 intro
1258 793 1363 820 eam:
1380 794 1393 819 .·
1421 783 1436 820 i
1461 782 1563 830 πρῖε,

87 847 269 885 animum
304 846 359 883 eis
385 857 469 894 σομε
494 847 537 882 ut
562 845 728 892 credant,
757 856 844 883 cum
871 846 1036 893 quinque
1071 845 1241 893 legantur
1266 846 1305 883 in
1332 846 1446 884 Andr.
1472 847 1561 884 299.

101 911 188 948 684.
220 909 307 947 708.
353 908 486 948 Heaut.
523 909 611 947 684.
643 909 730 947 734.
777 908 924 947 Phorm.
962 910 1048 947 751.
1089 909 1175 948 769.
1220 909 1310 948 Hec.
1349 910 1438 948 251.
1473 911 1564 949 260.

88 975 186 1013 326.
217 974 305 1012 824.
336 974 423 1011 832.
470 973 537 1011 Ad.
568 974 656 1012 209.

226 1047 371 1096 Septem
397 1048 565 1086 elisiones
593 1048 825 1097 reperiuntur
851 1048 890 1086 in
917 1048 976 1086 his
996 1059 1050 1086 vv,
1070 1048 1183 1086 iamb.
1203 1049 1419 1087 octonariis:
1448 1049 1562 1087 Andr.

102 1113 177 1150 590
224 1112 289 1153 hoc
326 1112 442 1150 audi:
479 1114 528 1149 ut*
554 1111 643 1150 hinc
676 1114 709 1150 te
742 1112 841 1150 intro
878 1112 933 1150 ire
967 1112 1077 1154 iussi.
1113 1114 1311 1159 oppmune
1347 1112 1406 1150 hic
1445 1113 1490 1160 fit
1522 1115 1565 1150 m'

88 1175 262 1215 obviam.-
280 1187 293 1213 .·
325 1175 417 1214 hem.
468 1175 557 1214 Hec.
586 1176 663 1214 297
699 1176 764 1213 vix
802 1187 859 1213 me
900 1174 991 1214 inim
1017 1175 1190 1214 abstraxi
1215 1178 1324 1224 atque
1350 1176 1566 1224 impeditum

100 1241 142 1277 in
168 1253 213 1277 ea
240 1239 408 1287 expedivi
433 1241 605 1277 animum
631 1251 761 1277 meum.

227 1313 333 1352 Illim
372 1316 498 1353 autem
527 1312 550 1352 I.
579 1326 609 1353 c.
659 1314 826 1360 Bothius‚
858 1317 901 1352 ut
942 1314 1088 1352 numeri
1117 1314 1208 1353 bene
1236 1326 1276 1353 se
1304 1315 1494 1360 haberent,
1522 1328 1565 1353 ex

102 1379 176 1417 cod.
205 1380 237 1415 A
264 1378 338 1416 illic
365 1381 403 1416 et
430 1381 635 1416 ceterorum
663 1378 743 1417 libr.
772 1377 876 1417 illinc
902 1378 1075 1417 restituit.
1108 1400 1155 1405 —
1206 1393 1208 1395 ’

229 1452 365 1491 Contra
392 1454 430 1491 in
459 1465 530 1492 uno
558 1453 760 1502 eodemque
788 1465 895 1491 versu
919 1453 1035 1492 troch.
1055 1453 1261 1502 septenario
1281 1454 1397 1492 sexies
1417 1457 1567 1493 tantum

92 1517 228 1554 ·vocab.
257 1517 552 1561 imminuuntur3
590 1517 657 1554 loci
691 1516 830 1561 autem,
865 1517 1000 1564 quibus
1028 1517 1096 1554 hoc
1122 1516 1266 1554 factum
1294 1520 1362 1561 est,
1391 1520 1482 1555 sunt
1509 1519 1569 1555 hi:

93 1580 212 1618 Andr.
245 1580 333 1618 900.
362 1581 451 1618 927.
497 1580 632 1618 Heaut.
668 1580 757 1618 906.
803 1580 895 1617 Eun.
934 1579 1020 1619 763.
1067 1580 1214 1618 Phorm.
1246 1580 1332 1619 539.
1363 1582 1451 1619 559.
1481 1582 1569 1620 876.

105 1643 190 1682 Hec.
219 1644 308 1681 389.
339 1644 428 1681 562.
475 1644 541 1682 Ad.
572 1645 659 1682 560.
690 1666 738 1670 -

229 1718 282 1756 Ex
302 1730 357 1757 vv.
378 1719 492 1757 troch.
512 1718 708 1757 octonariis
729 1717 791 1756 hic
809 1729 906 1756 unus
928 1729 1057 1757 versus
1077 1717 1191 1757 habet
1209 1720 1346 1766 septem
1375 1719 1568 1758 elisiones:

105 1781 197 1819 Eun.
220 1783 295 1820 739
324 1783 431 1820 credo
458 1783 626 1830 equidem
653 1782 757 1820 illum
783 1783 863 1820 iam
888 1782 1114 1829 adfuturum
1141 1794 1232 1829 esse,
1261 1785 1304 1820 ut
1328 1782 1432 1820 illam
1461 1796 1487 1821 a
1514 1796 1571 1821 me

92 1845 259 1893 mzpiat:
286 1847 371 1885 sine
396 1847 546 1893 veniam
575 1857 637 1885 sex
665 1847 793 1885 autem
822 1847 940 1895 synal.
970 1846 1157 1885 adhibitae
1185 1849 1274 1885 sunt
1293 1846 1332 1884 in
1351 1858 1426 1886 vv,z
1457 1847 1570 1887 Andr.

106 1910 193 1948 307.
227 1910 321 1949 Eun.
342 1912 429 1949 643.
452 1912 537 1950 744.
574 1911 665 1949 Hec.
685 1912 774 1948 281.
814 1911 955 1949 Versus
983 1914 1111 1949 autem
1139 1911 1431 1960 uniuscuiusque
1448 1914 1570 1952 metri.

105 1972 237 2020 quibus
265 1974 455 2023 panciores
484 1985 599 2023 quam
626 1984 721 2023 quas
749 1985 861 2023 supra
899 1974 1185 2013 commemoravi
1213 1975 1382 2013 elisiones
1410 1975 1571 2013 tributae

94 2039 204 2082 sunt,
237 2049 454 2077 enumerare
489 2038 717 2087 supersedeo,
753 2050 840 2076 cum
876 2038 1082 2088 frequentia
1114 2050 1243 2077 eorum
1270 2050 1473 2088 permagna
1501 2040 1569 2082 sit2

102 2099 393 2148 frequentissimi
429 2104 517 2140 sunt
552 2112 680 2139 versus
716 2102 860 2140 duabus
900 2102 1134 2151 synaloephis
1163 2102 1299 2147 affecti,
1327 2113 1413 2140 cum
1443 2114 1571 2141 versus

96 2164 328 2214 zsynaloepha
356 2166 464 2215 plane
493 2158 668 2204 vacantes
698 2166 773 2204 sint
805 2166 996 2205 rarissimi.
