1874 2904
1001 118 1052 157 34

290 246 366 284 loco
395 257 503 295 saepe
532 245 751 294 corripuisse
781 245 840 294 (cf.
872 246 1008 285 Bbmer
1036 246 1059 285 1.
1087 258 1118 284 c.
1148 258 1182 295 p.
1212 247 1280 294 69)
1309 249 1345 284 et
1373 246 1589 285 adverbium
1618 238 1761 304 ‘immo’

291 311 480 348 interdum
509 310 761 358 pyrrhichium
789 322 989 358 usurpasse
1018 311 1108 348 satis
1137 311 1234 348 inter
1261 322 1389 349 omnes
1417 313 1570 348 constet.

417 383 560 422 Deinde
596 383 641 421 de
679 383 866 421 vocabulis
905 384 1170 433 monosyllabis
1208 385 1299 423 haec
1327 384 1651 423 commemoranda
1679 395 1760 422 esse

289 449 383 486 mihi
410 448 593 486 videntur.
651 448 721 486 Btl.
750 449 787 485 in
817 448 1103 505 (schediasmate
1131 449 1176 487 de
1204 449 1334 487 metris
1361 440 1617 492 Terentianis',
1646 460 1760 497 quam

288 512 639 550 commentationem
685 511 836 549 editioni
881 511 1096 550 fabularum
1140 512 1220 551 Ter.
1263 512 1475 562 praemisit,
1522 512 1567 551 de
1612 512 1760 551 licentia

290 577 414 615 hiatus
451 577 498 614 ab
535 576 603 614 hoc
638 578 747 625 poeta
784 575 950 615 admissa
987 577 1082 615 hanc
1118 576 1252 615 statuit
1289 575 1475 616 normam:
1516 577 1565 635 ‘in
1594 577 1651 616 his
1680 577 1760 628 (scl.

290 641 482 689 hiatibus),
526 640 658 688 inquit,
693 641 777 696 ttria
806 643 894 677 sunt
921 641 1150 678 observanda
1178 652 1365 688 nusquam
1395 642 1463 686 hoe
1499 641 1588 684 fieri,
1622 641 1694 678 nisi
1722 642 1761 678 in

290 704 398 742 verbo
426 714 580 748 monos„
609 703 705 751 quod
735 703 955 740 vocabulum
984 704 1015 741 si
1044 704 1118 741 exit
1145 704 1183 741 in
1211 704 1388 749 vocalem,
1416 706 1556 753 oportet
1579 704 1761 752 syllabam

290 779 370 806 esse
398 768 557 814 longam,
586 767 704 804 ictum
732 767 891 815 denique
919 768 1054 805 habere
1081 768 1119 805 in
1146 768 1267 816 prima
1294 768 1438 815 syllaba
1466 760 1680 816 anapaesti.'

419 839 514 878 Cum
551 840 666 888 igitur
692 839 887 878 Terentius
922 841 1129 885 verborum,
1166 852 1260 889 quae
1289 843 1394 878 sunt:
1422 840 1519 884 inde,
1548 841 1659 886 unde,
1687 841 1762 880 ille.

290 905 371 948 iste,
399 904 486 953 ipse,
516 902 641 954 (esse),
671 903 820 946 similia,
859 904 1017 953 priorem
1045 904 1230 953 syllabam
1259 905 1406 943 brevem
1435 915 1580 953 quoque
1607 916 1764 954 usurpa-

290 969 393 1011 verit,
436 967 583 1005 diffioile
625 970 693 1011 est,
735 968 945 1016 ubicunque
986 968 1024 1005 in
1067 969 1143 1005 arsi
1184 969 1241 1006 his
1276 969 1428 1006 vocibus
1465 969 1652 1018 praecedit
1686 980 1761 1007 voc.

289 1044 429 1070 monos.
458 1032 677 1077 discernere,
713 1033 842 1070 utrum
883 1032 1109 1081 synaloepha
1137 1043 1185 1070 an
1213 1032 1290 1070 ictu
1319 1032 1395 1070 voci
1423 1044 1564 1072 monos.
1591 1033 1762 1082 imposito

290 1096 415 1133 hiatus
454 1095 677 1133 statuendus
711 1095 778 1138 sit;
816 1095 916 1133 idem
955 1095 1055 1133 cadit
1087 1096 1125 1132 in
1160 1107 1220 1133 eos
1256 1097 1365 1140 locos,
1402 1096 1468 1133 ubi
1494 1096 1588 1134 arsis
1617 1096 1762 1134 duabus

289 1171 431 1197 monos.
460 1160 610 1197 vocibus
639 1159 857 1196 continetur.
892 1159 934 1196 R.
964 1159 1132 1197 Klotzius
1160 1160 1183 1196 l.
1212 1171 1241 1198 c.
1270 1171 1303 1208 p.
1335 1160 1378 1218 '7xl
1421 1159 1466 1197 de
1489 1160 1573 1198 'hac
1609 1172 1647 1198 re
1675 1160 1764 1198 dicit

289 1223 400 1261 haec:
440 1222 548 1281 tauch
581 1223 621 1260 in
658 1222 741 1260 dem
780 1221 892 1266 Falle,
929 1233 982 1260 wo
1017 1222 1075 1260 die
1112 1222 1353 1271 Verbindung
1390 1223 1516 1261 zweier
1552 1223 1764 1272 einsilbiger

290 1288 443 1325 Worter
478 1287 676 1325 besonders
713 1298 784 1333 eng
822 1287 923 1330 wird‚
956 1287 1119 1324 namlich
1149 1287 1205 1324 bei
1233 1287 1375 1335 prosod.
1405 1287 1552 1329 Hiatus,
1580 1288 1645 1325 wie
1674 1291 1764 1343 ‘tam

290 1350 331 1387 in
369 1341 480 1387 brev?
522 1348 599 1386 und
638 1360 746 1407 cqum
782 1350 825 1386 in
860 1341 905 1386 ιε’
952 1349 1050 1386 kann
1093 1349 1160 1386 das
1202 1349 1400 1387 metrische
1442 1349 1762 1398 Kurzungsgesetz

291 1414 436 1453 wirken.
492 1414 615 1452 Allein
650 1415 716 1452 wir
752 1414 834 1452 sind
870 1414 949 1452 hier
987 1413 1099 1452 meist
1138 1414 1240 1452 nicht
1266 1415 1305 1452 in
1334 1414 1399 1452 der
1426 1414 1536 1462 Lage,
1565 1426 1609 1451 zu
1637 1417 1764 1452 unter-

290 1477 475 1520 scheiden,
513 1477 559 1513 ob
597 1477 737 1525 prosod.
766 1477 903 1513 Hiatus
944 1477 1014 1513 mit
1042 1476 1283 1524 Verkurzung
1310 1477 1397 1514 oder
1425 1477 1594 1514 einfache
1621 1477 1761 1514 Elision

291 1531 467 1589 vorliegt'.
525 1539 764 1590 Quamquam
806 1540 892 1578 huie
933 1540 1068 1579 Klotzii
1112 1540 1350 1579 affirmationi
1391 1540 1429 1579 in
1471 1552 1599 1580 omnes
1641 1543 1764 1590 partes

290 1605 444 1641 minime
474 1604 668 1648 assentior,
697 1615 785 1641 cum
811 1605 917 1651 longe
945 1604 1114 1652 plurimis
1144 1604 1189 1641 de
1218 1604 1355 1652 quibus
1383 1604 1529 1652 agimus
1549 1604 1637 1641 locis
1657 1615 1765 1653 syna-

290 1669 420 1717 loepha
450 1668 649 1706 statuenda
678 1668 736 1712 sit,
774 1670 903 1706 tamen
931 1668 1011 1707 fieri
1038 1671 1169 1717 potest,
1206 1668 1313 1706 cuius
1341 1669 1395 1706 rei
1423 1668 1568 1706 veniam
1597 1671 1690 1717 peto,
1720 1672 1763 1706 ut

290 1744 363 1769 uno
400 1732 559 1770 alterove
595 1732 672 1769 loco
710 1742 836 1769 vocem
867 1743 1004 1770 monos.
1035 1731 1164 1770 elisam
1203 1743 1283 1770 esse
1312 1731 1520 1776 statuerim,
1547 1732 1613 1770 ubi
1641 1732 1765 1781 aptius

291 1807 396 1833 voces
425 1796 572 1833 hiantes
601 1796 782 1843 legantur.

418 1869 586 1918 Denique
614 1881 732 1913 voces,
761 1870 889 1918 quales
918 1872 1005 1908 sunt
1032 1882 1165 1916 meum,
1190 1882 1284 1916 mea,
1319 1869 1459 1908 similes
1488 1881 1583 1918 quae
1609 1870 1764 1919 synizesi

291 1933 587 1983 pronuntiandae
630 1933 816 1982 simulque
858 1933 936 1971 voci
978 1944 1051 1982 seq.
1094 1933 1319 1982 synaloepha
1356 1933 1631 1981 coniungendae
1666 1935 1765 1977 sunt,

290 1999 386 2036 inter
422 1999 515 2036 haec
552 1998 816 2035 vocabulorum
854 1990 994 2035 monos.
1034 1998 1201 2046 exempla
1229 1998 1453 2036 enumeravi.
1511 1997 1607 2036 Sunt
1636 2001 1764 2036 autem

291 2062 358 2099 loci
388 2061 442 2099 hi:

780 2144 824 2186 Α.
865 2144 902 2186 in
933 2144 1049 2187 lamb.
1078 2144 1274 2187 senariis:

419 2230 535 2267 Andr.
566 2230 638 2267 781
680 2240 764 2266 eam
799 2240 962 2267 uxorem.
1018 2229 1155 2267 Heaut.
1196 2230 1272 2266 830
1308 2230 1360 2267 rei
1394 2232 1501 2268 esset.
1556 2230 1649 2269 Eun.
1691 2232 1766 2268 130

289 2306 373 2333 mea
401 2294 486 2333 illic.
546 2294 618 2332 701
652 2305 739 2332 eum
767 2304 858 2332 esse.
913 2294 989 2332 ‘702
1018 2305 1143 2332 meam
1173 2294 1261 2343 ipse.
1309 2294 1399 2333 Hec.
1428 2295 1479 2333 48
1507 2306 1613 2335 meae
1641 2297 1768 2334 aucto-

291 2359 411 2397 ritate.
470 2359 546 2396 709
585 2368 671 2395 mea
710 2368 809 2396 uxor.
865 2357 933 2394 Ad.
966 2358 1013 2394 10
1051 2357 1238 2405 integrum
1275 2368 1361 2396 eum
1399 2358 1469 2397 hic.
1506 2358 1681 2408 (Necesse
1703 2361 1767 2397 est

291 2423 327 2461 h.
358 2423 381 2460 l.
411 2423 585 2461 ultimam
613 2422 710 2460 vocis
740 2413 954 2480 ‘integrum'
975 2421 1056 2470 syll.
1079 2422 1191 2459 simul
1211 2433 1297 2460 cum
1318 2414 1429 2480 ‘eum'
1449 2423 1559 2461 verbo
1578 2415 1663 2479 ‘hic'
1683 2434 1769 2461 con-

289 2487 412 2535 iungi,
457 2498 544 2524 eum
588 2497 693 2524 voces
736 2485 941 2534 dactylicae
983 2496 1170 2535 nusquam
1211 2486 1251 2523 in
1287 2486 1384 2525 thesi
1417 2487 1515 2536 apud
1552 2486 1767 2525 Terentium

290 2551 401 2590 elisae
428 2551 679 2596 inveniuntur,
706 2552 749 2589 ut
776 2549 874 2588 infra
902 2549 1069 2598 docebo.)
1127 2550 1202 2588 742
1231 2552 1297 2589 tua
1325 2553 1413 2590 arte.
1471 2551 1548 2589 854
1577 2552 1627 2590 rei
1656 2552 1769 2590 hune.—
