1874 2904
830 173 851 209 7

105 302 253 352 poetam
314 298 685 347 neglegentissimum
709 340 711 343 ,
747 309 827 336 6336
891 298 1096 337 iudicemus
1110 327 1120 344 ,
1174 310 1383 337 caveamus.
1479 298 1576 336 Sane

106 367 145 402 in
186 363 415 402 carminibus
464 363 660 411 poetarum
706 362 973 409 dactylicorum
1020 363 1243 411 synaloepha
1287 363 1406 400 multo
1452 363 1574 400 rarius

107 427 274 466 adbibita
302 427 371 467 est,
404 425 469 464 sed
496 426 566 463 hoc
592 425 690 469 inde,
728 424 825 473 quod
853 436 913 462 res
940 425 1000 462 hic
1027 426 1211 474 descripta
1237 437 1386 474 prorsus
1414 426 1489 463 alia
1517 428 1575 463 est

106 493 144 529 61
177 489 274 538 quod
310 489 349 526 in
385 499 517 536 genere
554 488 733 526 sermonis
769 488 911 530 usitati,
949 499 1061 536 quem
1097 489 1134 526 in
1163 489 1299 526 fabulis
1327 489 1481 535 agendis
1509 501 1573 537 pro

106 556 241 591 natura
276 553 314 589 et
347 551 420 589 fine
456 551 623 600 ipsarum
654 553 880 599 usurpatum
907 551 1129 595 invenimus,
1158 551 1341 589 vocalium
1370 563 1572 589 concursus

52 614 55 617 ’
105 617 258 655 minime
294 615 455 653 evitatus
492 614 630 653 nedum
667 614 862 652 evitandus
890 616 981 658 erat,
1016 615 1256 663 repetendum
1284 626 1375 659 esse,
1403 626 1478 653 non
1505 618 1573 659 est,

106 681 170 730 qui
196 690 271 718 non
299 679 499 729 intellegat.
543 678 659 717 Cuius
688 678 946 716 affirmationis
973 681 1164 717 auctorem
1192 678 1320 717 afferre
1346 680 1439 717 mihi
1465 679 1575 717 liceat

106 743 337 786 Ciceronem,
379 743 442 790 qui
487 742 527 779 in
568 742 734 780 eiusdem
774 742 935 779 oratoris
970 742 1054 779 libri
1088 744 1208 790 capite
1246 744 1308 779 23.
1342 743 1488 780 hiatum
1525 744 1573 780 ab

104 810 257 851 oratore,
303 817 416 855 quem
461 805 616 855 quidam
661 807 794 843 vocant
834 805 1014 850 Atticum,
1061 805 1208 854 saepius
1250 805 1456 843 admissum
1499 816 1572 843 non

79 875 81 877 ’
104 871 226 908 30111111
253 880 292 907 re
319 870 401 917 ipsa
427 871 592 907 tractata
618 869 785 916 mitigari
812 872 850 906 et
877 870 1056 913 excusari,
1085 870 1150 907 sed
1178 870 1292 907 etiam
1319 869 1454 907 habere
1472 870 1574 907 molle

102 932 284 982 quiddam
310 934 344 970 et
370 931 468 981 quod
493 931 634 970 indicet
659 942 737 970 non
764 932 958 981 inyratam
984 931 1251 981 neyleyentiam
1278 932 1323 969 de
1348 944 1390 969 re
1411 931 1574 970 hominis

101 997 223 1045 mayis
262 1008 377 1044 qaam
416 995 462 1033 de
503 995 623 1033 'verbis
667 984 872 1033 laborantis
913 995 1084 1034 affirmat.
1141 995 1238 1043 Quid
1273 996 1388 1044 igitur
1423 997 1573 1040 mirum,

104 1060 201 1109 quod
227 1059 432 1105 Terentius,
466 1059 529 1108 qui
557 1061 596 1097 et
622 1059 700 1108 ipse
726 1059 764 1096 in
792 1058 929 1097 fabulis
957 1060 1112 1107 agendis
1139 1060 1237 1097 vitae
1264 1059 1573 1097 consuetudinem

103 1126 142 1163 et
171 1135 283 1162 usum
311 1126 398 1161 ante
419 1123 544 1161 0011103
569 1123 859 1168 demonstrabat,
887 1123 995 1160 illum
1014 1134 1237 1161 concursum
1257 1123 1448 1167 vocalium,
1478 1134 1572 1172 quae

103 1187 327 1236 synaloepha
368 1198 525 1224 conexae
562 1187 714 1224 auribus
749 1187 998 1235 spectantium
1035 1187 1287 1224 Romanorum
1322 1188 1447 1225 minus
1482 1187 1573 1224 dure

103 1262 302 1299 aspereque
325 1250 519 1295 sonabant,
542 1261 613 1288 non
628 1250 767 1293 vitavit,
790 1250 856 1288 sed
875 1251 1090 1299 saepissime
1109 1250 1289 1288 admisit?
1336 1250 1416 1298 Quo
1436 1250 1572 1288 clarius

102 1313 408 1362 manifestiusque
426 1314 639 1374 ,ostendam
675 1325 748 1351 11011
783 1314 940 1351 eandem
975 1314 1223 1362 frequentiam
1262 1315 1572 1362 synaloepharum

102 1378 141 1415 in
168 1377 394 1415 carminibus
422 1377 578 1415 e'ruditis
606 1379 756 1416 tantum
784 1378 995 1416 hominibus
1033 1377 1226 1416 destinatis
1255 1377 1462 1416 adhibitam
1490 1388 1571 1416 esse

102 1443 214 1488 atque
240 1442 279 1478 in
298 1442 477 1485 versibus,
504 1442 570 1479 ubi
601 1444 729 1489 poetae
749 1453 915 1481 sermone
935 1442 1079 1489 vulgari
1097 1454 1140 1479 ex
1159 1442 1274 1490 ipsius
1294 1442 1346 1479 rei
1365 1442 1571 1490 descriptae

100 1506 236 1542 natura
263 1504 321 1542 usi
349 1508 452 1549 sunt,
480 1504 638 1553 exempli
656 1515 770 1542 causa
788 1504 1016 1542 mentionem
1034 1504 1154 1542 facere
1173 1505 1267 1542 mihi
1287 1505 1395 1542 liceat
1412 1504 1570 1548 Horatii,

101 1568 165 1615 qui
192 1569 229 1605 in
259 1568 485 1606 carminibus
513 1572 551 1606 61
578 1569 746 1617 epistulis
765 1569 885 1606 11111110
903 1569 1086 1606 minorem
1105 1569 1417 1617 synaloepharum
1436 1580 1568 1607 nume-

102 1642 187 1669 rum
224 1632 367 1670 iustum
403 1632 519 1675 duxit,
555 1643 669 1681 quam
704 1632 744 1670 in
780 1632 916 1677 satiris,
959 1643 1053 1681 quae
1095 1633 1215 1680 magis
1252 1633 1451 1678 concinunt
1484 1644 1571 1670 cum

102 1707 268 1734 sermone
295 1697 456 1745 vulgari3
486 1696 653 1735 conferas
680 1708 817 1745 quaeso
836 1695 989 1735 Lehrsii
1007 1697 1176 1735 editionis
1195 1697 1406 1735 carminum
1427 1696 1570 1735 Horatii

101 1759 232 1807 capitis
261 1760 358 1808 quod
385 1760 618 1798 inscribitur:
669 1758 746 1797 Die
781 1758 1109 1808 Verschkifanqen
1137 1760 1193 1797 bei
1220 1759 1351 1798 Horae
1380 1773 1412 1809 p.
1441 1761 1568 1797 1—22

101 1824 137 1861 et
164 1821 343 1862 Schultzii
370 1824 711 1863 commentationis:
753 1822 828 1882 ‹De
849 1824 1087 1863 satiricorum
1106 1822 1365 1863 Romanorum
1378 1824 1568 1872 prosodia,

67 1900 69 1903 ·
101 1885 146 1922 de
163 1888 267 1924 muta
286 1899 370 1924 cam
387 1887 533 1935 liquida
551 1890 586 1925 et
603 1888 649 1925 de
667 1882 904 1935 synaloepha'
923 1900 958 1935 p.
975 1889 1021 1925 21
1042 1900 1095 1935 sq.
1110 1890 1160 1925 45
1176 1899 1229 1936 sq.
1257 1889 1416 1935 (Regim.
1439 1888 1569 1937 1864.)

229 1960 333 2008 Quod
370 1964 497 2000 autem
526 1961 740 2000 Priscianus
775 1962 820 2000 de
857 1962 1023 2000 versibus
1059 1961 1209 2000 comicis
1240 1966 1506 2000 commemorat
1533 1964 1570 2000 61

101 2023 293 2072 vituperat,
328 2036 456 2063 omnes
498 2025 648 2074 quidem
692 2028 816 2074 poetas
860 2026 1018 2062 comicos
1053 2025 1268 2063 Terentium
1305 2028 1432 2063 autem
1474 2026 1571 2063 inter

99 2098 226 2126 omnes
268 2089 373 2138 longe
415 2089 629 2139 saepissime
676 2088 826 2148 ‘crebris
870 2088 1105 2137 synaloephis
1140 2091 1173 2127 et
1206 2089 1500 2138 episynahqihis
1537 2092 1570 2127 et

100 2150 347 2190 collisionibus
365 2156 399 2190 et
411 2153 674 2191 abiectionibas
688 2152 830 2191 litterae
846 2146 878 2190 s'
897 2154 935 2190 in
953 2153 1173 2191 scandendis
1191 2154 1359 2191 versibus
1373 2166 1461 2191 usos
1476 2165 1567 2197 esse,

100 2214 168 2252 hoc
196 2226 425 2265 quamquam
459 2228 588 2255 verum
624 2228 705 2255 esse
740 2218 867 2265 negari
903 2228 976 2254 non
1002 2219 1134 2265 potest,
1172 2220 1299 2255 tamen
1327 2220 1370 2254 ut
1396 2217 1568 2255 Terentio

99 2277 186 2316 vitio
213 2280 454 2318 tribuendum
485 2281 543 2321 sit,
571 2283 721 2318 tantum
746 2282 862 2325 abest,
890 2283 933 2318 ut
958 2280 1162 2325 Bentleius,
1190 2280 1246 2318 vir
1271 2281 1333 2319 ille
1360 2281 1405 2318 de
1432 2280 1567 2318 fabulis

98 2340 257 2381 Terentii
284 2344 422 2393 optime
441 2344 609 2389 meritus,
636 2345 676 2382 in
695 2344 1007 2382 commentatione
1025 2343 1239 2382 fabularum
1257 2343 1566 2382 Terentianarum

99 2404 246 2444 editioni
291 2408 496 2456 praemissa
538 2407 782 2446 Schediasma
823 2408 903 2446 dico
943 2408 989 2446 de
1029 2409 1161 2445 metris
1197 2407 1427 2445 Terentianis
1462 2408 1567 2445 illam

99 2466 278 2508 Prisciani
305 2471 614 2520 vituperationem
640 2471 824 2509 iniustam
851 2471 1016 2509 refutans
1044 2471 1171 2509 laudet
1198 2471 1254 2508 his
1285 2471 1425 2509 verbis:
1462 2471 1569 2520 Quod

101 2542 180 2570 vero
214 2532 274 2572 hie
309 2536 478 2582 queritur
513 2537 547 2573 et
573 2536 799 2574 criminatur
826 2547 987 2584 maynas
1025 2535 1306 2583 yrammatica&
1334 2546 1411 2574 non
1438 2536 1568 2574 vitiam

99 2597 162 2642 est,
192 2597 259 2634 sed
290 2599 410 2635 virttis
447 2597 612 2637 Terentii
639 2600 791 2646 prima:
836 2600 902 2646 qai
936 2597 1182 2647 synaloephas
1215 2597 1302 2635 illas
1336 2598 1429 2637 data
1456 2611 1567 2646 opera
