1874 2904
213 262 289 299 592
317 264 355 299 et
382 262 471 299 945.
505 262 575 300 His
603 263 690 300 locis
718 263 784 301 Dz.
814 274 886 300 non
916 266 1068 301 secutus
1097 274 1192 307 sum,
1222 263 1286 311 qui
1314 265 1417 300 tanto
1444 274 1550 310 opere.

85 325 283 376 legendum
311 325 478 375 proponit
506 337 568 375 pro
596 326 764 364 codicum
792 328 988 374 tantopere.
1379 348 1382 352 ·

211 400 300 437 597.
328 410 409 436 esse
435 400 626 445 (Μένωνι,-
661 410 741 436 esse
769 400 924 437 coniecit
951 399 1161 447 Madvigius
1203 411 1267 448 pro
1295 400 1463 437 codicum
1492 401 1547 445 in,

87 463 153 502 sed
182 462 337 500 fortasse
367 462 446 501 sine
473 463 573 501 iusta
600 473 722 501 causa.

213 537 301 573 601.
330 536 441 574 Hunc
479 548 638 580 versum,
676 548 787 585 quem
825 537 889 573 Dz.
925 536 1080 574 fortasse
1118 540 1216 574 recte
1253 538 1361 574 uncis
1388 538 1549 575 inclusit.

79 612 172 641 cum
217 599 383 639 versibus
429 612 547 650 neque
591 599 893 639 antecedentibus
931 611 1050 649 neque
1087 600 1326 649 sequentibus
1361 601 1547 639 artissime

81 665 356 704 sententiarum
364 666 507 703 ratione
517 666 735 703 coniunctus
750 665 810 707 sit,
824 666 861 702 in
873 664 1100 702 conferendis
1113 665 1289 713 exemplis
1303 666 1543 713 praetermisi.

213 750 300 787 602.
328 749 383 788 illi
409 740 464 788 ita
491 750 682 796 animum;
717 752 760 787 ut
787 749 933 788 numeri
961 749 1052 787 bene
1081 738 1328 798 procederent.
1365 749 1429 788 Dz.
1459 752 1551 798 post

82 804 138 853 illi
164 811 412 857 inseruit'ita,
441 825 528 851 cum
547 813 598 851 Fl.
628 812 683 851 iai
709 813 749 851 in
775 812 849 851 illic
876 813 1076 851 mutaverit
1103 815 1140 850 et
1169 813 1243 850 Btl.
1271 813 1350 851 iam
1376 813 1538 862 posuerit

91 879 177 916 ante
204 877 386 924 amioum;
415 877 597 926 scriptura
624 877 738 925 igitur
763 877 904 915 incerta
932 879 999 915 est.

190 952 277 990 603.
306 950 457 989 Codices
485 951 660 990 exhibent
686 954 747 989 tuo
773 951 903 999 officio,
945 951 1009 989 sed
1038 962 1123 988 cum
1152 951 1324 991 omnibus
1352 951 1434 988 aliis
1462 952 1551 989 locis

75 1015 160 1054 Ter.
189 1026 316 1053 vocem
343 1014 456 1064 funyi
484 1027 569 1053 cum
585 1015 796 1053 accusativo
816 1016 1056 1053 coniunctam
1075 1015 1321 1063 usurpaverit,
1340 1015 1549 1063 complures

76 1080 240 1118 editores
277 1080 314 1118 h.
343 1091 488 1128 quoque
517 1080 538 1118 l.
568 1080 824 1122 accusativum
861 1081 961 1117 recte
989 1078 1196 1116 restituisse
1235 1079 1327 1116 mihi
1367 1079 1549 1117 videntur.

83 1154 197 1192 quam
238 1144 284 1181 ob
325 1154 403 1180 rem
446 1143 710 1191 synaloepham
752 1144 850 1180 tuom
885 1142 1049 1189 officium
1091 1142 1188 1179 inter
1224 1144 1344 1179 certas
1382 1142 1549 1180 elisiones

76 1218 309 1246 enumeravi.

530 1312 570 1353 D.
611 1312 648 1353 in
676 1311 807 1354 trech.
836 1311 1100 1363 septenariis:

209 1409 321 1448 Andr.
350 1410 427 1446 256
447 1408 619 1457 proloqui
646 1411 730 1453 auk
759 1420 827 1447 vox
853 1410 921 1446 aut
948 1411 1108 1447 extremo
1129 1420 1255 1446 versus
1275 1409 1353 1446 loco
1373 1410 1546 1457 suspecta

76 1485 104 1511 -a
145 1473 210 1511 Dz.
252 1474 397 1511 inclusa
438 1476 514 1517 est,
555 1484 641 1511 cum
683 1472 905 1511 Conradtius
950 1473 988 1510 in
1035 1472 1197 1510 Hermae
1242 1473 1380 1517 10,137
1422 1472 1547 1510 codice

82 1537 122 1574 P.
149 1540 297 1576 auctore
332 1540 401 1575 aut
432 1538 470 1574 in
506 1537 610 1574 initio
645 1548 774 1574 versus
814 1548 890 1585 seq.
919 1537 1094 1579 collocat;
1139 1536 1199 1585 Sp.
1226 1539 1294 1573 aut
1319 1537 1357 1574 in
1386 1536 1546 1574 eundem

81 1599 204 1639 locum
231 1602 376 1650 recepto
405 1600 482 1639 sine
509 1600 704 1639 verborum
732 1599 1045 1639 transmutatione
1073 1611 1105 1637 v,
1136 1600 1212 1637 257
1241 1600 1354 1638 iamb.
1382 1599 1544 1638 metitur.

209 1687 297 1723 258.
334 1685 453 1723 forma
490 1686 602 1723 huius
639 1696 767 1723 versus
803 1696 825 1722 a
856 1686 920 1722 Dz.
956 1685 1055 1722 edita
1093 1685 1337 1733 improbanda
1364 1687 1432 1728 est,
1460 1696 1547 1722 cum

81 1749 160 1787 voci
187 1761 249 1799 e90
277 1760 492 1788 mensuram
519 1749 719 1787 iambicam
746 1749 908 1797 tribuat;
947 1749 1073 1797 itaque
1100 1748 1138 1786 in
1167 1749 1234 1787 hoc
1262 1759 1370 1787 versu
1397 1748 1547 1787 citando

76 1815 234 1850 secutus
263 1824 348 1850 sum
376 1812 428 1850 Fi.

212 1887 301 1925 353.
321 1898 501 1936 quaeram
516 1888 583 1925 aut
592 1898 605 1933 ,·
619 1888 697 1934 aut,
713 1885 814 1935 quod
823 1886 977 1925 verbum
992 1897 1074 1925 meo
1090 1885 1240 1935 quidem
1251 1886 1385 1924 iudicio
1400 1888 1549 1924 senten-

81 1950 220 1989 tiarum
247 1951 399 1989 rationis
427 1951 549 1998 gratia
576 1951 699 1999 aptius
727 1951 925 1995 omittitur,
966 1950 1030 1988 Dz,
1058 1953 1188 1988 contra
1215 1951 1439 1999 optimorum
1467 1951 1546 1989 libr.

76 2015 338 2054 auctoritatem
367 2026 410 2053 ex
437 2014 539 2054 codd.
568 2014 644 2052 DE
673 2014 771 2052 inter
799 2015 927 2064 poetae
954 2014 1066 2052 verba
1093 2014 1240 2064 recepit.
1289 2011 1292 2014 “

208 2091 298 2128 345.
326 2102 415 2139 euye
441 2102 483 2137 o,·
528 2090 760 2128 Fleckeiseno
802 2092 1001 2138 praeeunte
1042 2089 1107 2127 Dz.
1147 2102 1167 2127 o
1208 2090 1352 2127 addidit
1391 2090 1546 2128 fortasse

75 2152 267 2192 offendens
294 2154 332 2192 in
360 2153 479 2192 forma
506 2153 767 2192 interiectionis
795 2165 884 2202 euye
912 2153 1119 2202 spondiaca‚
1148 2164 1264 2202 quam
1293 2153 1355 2202 Sp.
1382 2154 1546 2202 exemplo

75 2228 124 2254 «ex
150 2217 274 2256 Plauti
301 2218 438 2256 Bacch.
470 2218 570 2255 1005
598 2217 753 2267 repetito
781 2217 926 2265 probari
953 2228 1059 2265 posse
1088 2217 1288 2256 contendit.

208 2292 295 2332 849.
327 2290 438 2331 Codd.
466 2292 645 2342 praebent
671 2291 814 2339 mihim
843 2291 907 2330 Dz.
936 2290 1086 2330 mihine.
1114 2291 1159 2330 cf.
1188 2291 1324 2331 Heaut.
1352 2291 1439 2330 541.

208 2368 295 2406 850.
324 2367 368 2404 In
396 2367 476 2405 hoc.
503 2378 622 2405 versu
639 2366 867 2405 restituendo
895 2367 964 2404 viri
991 2367 1089 2405 docti
1116 2367 1214 2405 inter
1241 2379 1280 2405 se
1310 2367 1546 2409 dissentiunt.

79 2426 132 2466 ita
160 2431 203 2468 ut
229 2429 398 2469 elisiones
426 2429 589 2469 incertae
616 2429 842 2468 omittendae
870 2441 950 2468 esse
978 2430 1070 2469 mihi
1098 2429 1301 2468 videantur.

207 2506 296 2544 864.
325 2506 437 2544 Hunc
464 2517 613 2545 versum
641 2505 705 2544 Dz.
726 2506 823 2544 inter
849 2505 1029 2544 iambicos
1057 2505 1281 2554 septenarios
1308 2505 1452 2549 retulit;
1481 2505 1546 2543 sed

75 2576 166 2605 cum
203 2569 271 2607 hoc
307 2569 416 2607 modo
452 2569 659 2618 pronomini
695 2581 758 2618 eqo
794 2580 970 2607 mensura
1005 2568 1192 2606 tribuatur
1226 2569 1396 2614 iambica,
1432 2568 1476 2607 U.
1509 2573 1548 2606 et
