1874 2904
773 161 822 198 27

183 288 252 326 66.
283 286 433 325 Codices
461 286 653 326 exhibent:
681 289 766 326 utin
792 289 970 326 eximium
997 291 1034 327 et
1061 289 1126 326 hos
1155 291 1304 326 secutus
1333 300 1429 326 sum.

194 351 279 390 163.
308 350 379 389 Hic
406 361 534 389 versus
562 350 718 390 fortasse
745 363 820 390 non
847 351 1032 400 genuinus
1061 355 1129 390 est.

192 426 281 463 206.
308 426 431 464 nescio
457 426 534 471 ita;
573 429 700 464 vocem
727 427 851 464 nescio
878 426 926 463 ad
954 437 1100 464 versum
1127 438 1147 465 e
1174 427 1262 464 vitio
1290 427 1528 465 laborantem·

66 488 275 530 sanandum
321 488 463 526 addidit
510 488 582 533 Fl.;
623 489 718 526 hanc
753 489 868 536 igitur
903 489 1167 538 synaloepham
1205 492 1333 538 poetae
1369 490 1527 528 attribui

64 566 137 593 non
165 553 262 591 licet.

192 627 279 665 637.
308 601 469 664 mavista
498 626 549 664 sit
566 625 682 663 edidit
700 625 764 664 Dz.
786 625 864 663 sine
882 626 982 664 iusta
1003 637 1116 664 causa
1146 626 1313 664 codicum
1344 627 1527 675 scriptura

64 694 129 730 tua
156 691 227 729 siet
252 690 429 738 neglecta.

191 754 278 792 654.
309 753 378 791 Pro
415 752 570 791 lectione
604 752 708 791 codd.
747 753 886 790 tradita
920 752 1062 790 reddue
1089 753 1235 801 scripsit
1263 753 1326 792 Dz.
1354 753 1535 791 redduce..

192 828 281 866 688.
309 838 437 866 versus
465 827 525 865 hic
552 828 590 865 et
619 826 696 865 690
724 826 892 865 Bentleio
927 827 1089 876 suspecti
1117 838 1139 864 a
1167 827 1298 865 ceteris
1327 827 1539 866 editoribusv

64 894 142 930 iure
169 892 275 929 uncis
303 891 438 929 inclusi
466 895 565 929 sunt.

192 955 269 993 698
298 954 344 993 cf.
373 955 462 993 654.

189 1020 258 1058 Ad.
287 1020 349 1057 29.
386 1021 495 1067 atque
521 1019 574 1057 ibi
600 1019 652 1057 sic
681 1020 768 1067 Dz.;
809 1019 953 1057 codices
989 1021 1026 1057 et
1058 1030 1186 1056 omnes
1222 1019 1381 1057 editores
1416 1020 1536 1057 ceteri.

65 1083 236 1122 exhibent
279 1085 348 1120 aut
379 1082 440 1121 ibi.
507 1082 585 1119 Vox
620 1084 697 1127 aut,
739 1093 826 1119 cum
863 1082 1134 1120 sententiarum
1170 1082 1302 1120 rationi
1337 1084 1528 1131 repugnet,

64 1147 208 1186 tolerari
256 1146 401 1196 nequit;
445 1147 523 1186 sine
558 1146 670 1185 dubio
714 1146 949 1185 scribendum
984 1148 1042 1185 est
1087 1149 1153 1185 aut
1188 1158 1275 1185 cum
1312 1145 1539 1185 Dziatzcone-

64 1213 172 1260 atque
198 1210 250 1249 11η·
276 1213 344 1249 aut
369 1211 525 1249 fortasse
552 1213 586 1249 et
612 1210 673 1249 ibi

191 1287 253 1324 34.
282 1286 354 1324 Hic
382 1298 509 1325 versus
536 1285 640 1325 deest
666 1286 706 1323 in
734 1286 856 1324 codice
883 1287 926 1324 A.

191 1360 253 1398 38.
282 1360 336 1397 Ex
363 1360 518 1397 lectione
554 1360 723 1398 codicum
762 1360 873 1397 huius
902 1370 1029 1397 versus
1057 1362 1096 1397 et
1122 1371 1155 1396 v.
1183 1360 1395 1408 praeeuntis
1423 1359 1539 1396 varia.

65 1424 268 1473 scripturae
296 1435 318 1462 a
346 1424 481 1462 criticis
509 1424 713 1473 propositae
741 1423 850 1462 valde
877 1424 976 1463 inter
1004 1435 1043 1462 se
1071 1423 1291 1473 discrepant.

151 1527 154 1530 Α
193 1499 280 1535 749.
311 1498 523 1535 Secundum
552 1498 629 1535 cod.
658 1500 690 1535 A
718 1498 778 1535 hic
805 1508 934 1535 versus
961 1500 1068 1535 sonat
1097 1498 1171 1535 sic:
1207 1498 1262 1535 ita
1288 1497 1346 1534 me
1372 1497 1413 1535 di
1438 1497 1528 1534 bene

64 1564 189 1600 ament
213 1562 254 1600 vit
278 1562 382 1601 video
408 1564 511 1601 tuam
538 1574 601 1611 690
626 1560 810 1609 ineptiam
818 1574 832 1608 ‚·
859 1562 899 1600 in
927 1561 1029 1601 codd.
1058 1560 1128 1600 Bc
1142 1561 1250 1599 EFP
1273 1561 1451 1611 scriptum
1470 1561 1529 1600 111-
1567 1594 1570 1597 ,

65 1626 254 1663 venimus:
290 1627 345 1663 ita
383 1638 442 1663 me
469 1626 510 1663 di
537 1627 672 1671 ament,
708 1627 751 1662 ut
776 1625 880 1663 video
906 1627 1011 1663 tuam
1038 1638 1100 1673 690
1130 1626 1317 1672 ineptiam.
1374 1625 1457 1663 Sed.
1487 1624 1525 1663 C.

65 1689 216 1729 Reinius
234 1690 274 1729 in
293 1690 612 1734 com-mentatione.
633 1701 707 1739 qua
726 1689 771 1728 de
790 1689 1051 1739 pronominum
1071 1689 1168 1740 apud
1193 1688 1274 1728 Ter.
1289 1683 1527 1729 collocatione

65 1754 152 1802 agit,
196 1757 393 1803 utramque
432 1755 655 1803 scripturam
692 1757 838 1803 propter
880 1754 1140 1802 pronominum
1176 1755 1452 1792 collocationem
1487 1755 1527 1791 in

66 1818 310 1867 suspicionem
349 1821 464 1856 vocat.
493 1818 558 1856 Dz.
588 1820 739 1856 secutus
767 1820 825 1856 est
851 1817 955 1856 codd.
984 1816 1072 1862 DG,
1108 1818 1172 1855 ubi
1200 1818 1354 1866 legitur:
1388 1818 1444 1856 ita
1470 1829 1528 1855 me

65 1881 105 1918 di
131 1884 267 1928 ament,
295 1884 339 1919 ut
363 1882 466 1919 video
493 1894 556 1929 690
582 1884 686 1919 tuam
712 1883 905 1928 ineptiam,
935 1882 999 1919 sed
1028 1883 1097 1919 hoc
1119 1882 1229 1919 modo
1248 1894 1445 1930 pronomen
1465 1883 1528 1929 690

64 1943 230 1983 iambum
261 1956 419 1995 aequare
446 1956 537 1994 opus
565 1947 633 1992 est,
669 1944 707 1983 id
736 1944 832 1994 quod
860 1956 933 1983 usu
960 1944 1181 1984 Terentiano
1209 1945 1316 1995 plane
1343 1945 1526 1983 abhorret.

65 2008 117 2046 Ex
145 2010 213 2054 his,
242 2021 335 2059 quae
364 2010 473 2048 attuli
503 2010 594 2048 satis
623 2010 721 2048 clare
749 2010 881 2054 elucet,
910 2010 1155 2059 synaloephas
1184 2010 1295 2048 huius
1325 2021 1455 2048 versus
1483 2012 1528 2047 ut

65 2072 328 2111 incertissimas
357 2073 605 2122 neglegendas
633 2084 725 2111 esse.

191 2149 280 2187 840.
310 2151 468 2187 ceterum
495 2161 578 2197 690,·
609 2160 697 2187 cum
731 2160 799 2186 vox
833 2160 896 2197 690
931 2160 1003 2186 om.
1040 2149 1077 2186 in
1105 2149 1207 2187 codd.
1237 2147 1534 2192 BCDEFGP.

65 2210 158 2248 hanc
186 2213 375 2250 elisionem
402 2213 583 2249 incertam
612 2212 651 2248 in
679 2212 789 2249 dubio
817 2211 961 2259 reliqui.

513 2317 556 2359 Β.
594 2317 631 2359 in
662 2317 778 2359 lamb.
807 2317 1074 2368 septenariis:

189 2402 302 2440 Andr.
341 2403 429 2441 686.
463 2403 507 2440 ln
545 2403 614 2441 hoc
642 2414 750 2440 versu
785 2403 1040 2441 constituendo
1075 2404 1139 2441 alii
1176 2404 1294 2440 alium
1329 2403 1525 2441 verborum

63 2464 228 2504 ordinem
256 2467 446 2515 praebent,
483 2478 571 2505 cum
606 2469 673 2504 aut
710 2467 831 2505 versui
858 2478 1051 2505 caesuram
1080 2478 1209 2516 parare
1238 2466 1432 2505 studerent
1459 2470 1528 2505 aut

63 2526 98 2563 in
125 2527 282 2567 lectione
310 2530 389 2568 libr.
417 2541 605 2567 manuscr.
643 2530 780 2568 tradita
816 2530 905 2567 hac:
941 2542 998 2567 em
1025 2529 1221 2576 Pamphile
1256 2532 1398 2577 optume
1434 2530 1536 2568 mihi

64 2590 96 2627 te
136 2591 245 2639 offers
287 2604 358 2632 non
401 2592 631 2632 haerendum
673 2604 753 2632 esse
795 2595 979 2643 putarent.
1047 2592 1231 2632 Krausius
1274 2593 1316 2633 R.
1353 2593 1402 2633 M.
1437 2593 1526 2632 VIII
