1874 2904
1049 131 1096 166 16

331 256 420 292 800.
457 256 546 292 911.
603 255 697 293 Ε1111.
739 257 800 293 27.
840 257 924 294 130.
961 257 1049 294 352.
1087 257 1175 295 359.
1211 258 1301 295 408.
1339 257 1427 294 527.
1467 257 1555 294 549.
1590 256 1679 294 638.
1717 256 1812 294 671-

332 318 419 356 761.
454 319 542 356 804.
580 319 667 357 831.
703 319 791 357 839.
830 320 919 357 951.
961 321 1073 358 1071.
1131 320 1277 358 Phorm.
1313 321 1375 358 32.
1414 320 1475 357 61.
1508 320 1568 357 77.
1599 320 1686 357 139.
1718 319 1806 358 164.

333 382 420 419 184.
456 382 544 420 265.
580 382 669 419 281.
709 382 798 419 421.
837 383 926 420 453.
964 383 1051 421 504.
1090 383 1178 421 580.
1218 384 1306 421 629.
1341 383 1429 421 698.
1469 383 1556 421 840.
1597 383 1684 421 899.
1713 383 1806 420 983.

329 446 419 483 911.
466 444 555 484 Η66.
589 447 618 484 l.
653 446 739 484 151.
773 447 857 485 159.
887 447 975 486 202.
1005 447 1093 486 287.
1122 448 1212 486 411.
1242 448 1330 486 413.
1360 447 1449 485 572.
1480 447 1567 486 588.
1597 447 1685 485 650.
1715 447 1810 485 672-

330 509 418 546 814.
456 509 544 546 871.
600 510 668 547 Ad.
705 510 740 547 6.
778 510 838 548 14.
874 511 964 548 344.
1003 511 1090 549 386.
1120 510 1208 549 388.
1239 511 1327 548 399.
1356 511 1444 549 402.
1474 510 1564 548 421.
1593 510 1684 547 455.
1714 509 1802 548 469.

330 573 417 611 557.
448 573 536 610 655.
567 573 653 610 759.
686 573 774 610 805.
804 574 893 611 904.
923 574 1010 612 989.

456 647 496 696 b)
526 647 801 691 vocabulorum,
821 659 916 696 quae
936 648 1173 692 antecedunt,
1193 649 1231 686 in
1246 648 1315 686 litt.
1331 648 1436 686 mvel
1450 648 1488 685 in
1503 659 1551 685 us
1565 648 1781 686 exeuntium
1791 660 1807 685 :s

328 710 440 749 Andr.
475 712 565 749 526.
620 711 755 750 Heaut.
792 713 852 750 53.
891 712 976 751 158.
1015 713 1101 750 161.
1139 713 1227 752 267.
1264 713 1352 750 346.
1391 713 1480 750 463.
1519 713 1595 750 515
1624 723 1681 750 us.
1712 712 1808 749 539-
1848 732 1850 735 <

330 775 417 812 793.
475 775 569 814 Eun.
610 775 696 812 104.
727 776 815 813 429.
846 776 934 813 502.
964 775 1060 825 [496
1090 776 1188 820 116’6;
1218 776 1241 814 l.
1270 778 1334 815 est.
1364 776 1470 825 dub.]
1507 776 1596 813 959.
1653 775 1807 814 Pliorm..

330 838 378 875 75
408 850 464 876 us.
499 839 562 876 99.
604 839 678 876 100
707 850 762 877 us.
802 839 877 876 156
906 838 993 878 us's.
1033 840 1121 879 412.
1160 840 1248 878 588.
1288 841 1362 878 715
1392 851 1448 877 116.
1483 840 1572 879 951.
1614 839 1716 877 1003
1745 850 1806 877 us.

325 902 414 942 Hec.
442 903 505 942 43.
535 903 623 941 308.
652 903 730 941 392
760 902 847 942 116’6.
883 904 972 942 417.
1006 904 1090 942 713.
1145 904 1213 942 Ad.
1244 905 1294 942 82
1323 916 1380 942 us.
1418 904 1469 941 98
1499 915 1555 942 us.
1596 904 1683 942 154.
1710 904 1800 942 205.

325 967 413 1005 207.
444 967 533 1005 231.
563 967 651 1006 346.
679 967 768 1005 419.
800 968 886 1005 512.
917 968 1003 1005 552.
1045 968 1133 1006 803.
1173 968 1250 1006 920
1279 980 1333 1007 us.
1371 968 1460 1006 953.
1497 968 1571 1005 961
1603 979 1660 1006 us.
1718 966 1807 1014 Qua.

323 1042 367 1067 ex
409 1041 549 1077 magna
590 1031 800 1079 frequentia
842 1032 1093 1079 exemplorum
1136 1031 1236 1068 haud
1273 1032 1348 1068 scio
1385 1042 1433 1068 an
1473 1030 1641 1068 concludi
1677 1031 1805 1076 liceat,

322 1093 537 1132 Terentium
579 1094 692 1132 verba
738 1105 877 1132 monos,
921 1094 958 1132 in
1001 1094 1087 1132 sede
1130 1106 1306 1132 versuum
1348 1094 1505 1133 iambice
1548 1094 1798 1133 desinentium

323 1161 488 1196 extrema
530 1159 610 1195 voci
645 1159 880 1196 antecedenti
917 1159 1143 1207 synaloepha
1182 1160 1403 1206 coniungele
1441 1159 1547 1207 quasi
1588 1158 1803 1201 studuisse:

323 1233 411 1259 nam
454 1221 610 1259 Plautus
627 1251 636 1264 .
680 1233 792 1271 quem
840 1233 862 1259 6
904 1221 1075 1261 Terentio
1121 1223 1250 1260 multis
1296 1222 1439 1271 legibus
1485 1222 1576 1260 artis
1621 1222 1805 1261 metricae

323 1287 541 1334 diligentius
584 1287 788 1324 observatis
830 1291 1047 1335 superatum
1092 1299 1171 1325 esse
1214 1288 1305 1324 satis
1341 1288 1439 1324 inter
1473 1299 1600 1325 omnes
1638 1288 1799 1330 constat,

323 1351 442 1388 rarius
484 1351 564 1395 1166,
600 1350 645 1387 (16
680 1361 754 1399 qua
787 1350 945 1398 agimus,
990 1350 1138 1388 licentia
1174 1362 1264 1388 usus
1302 1353 1370 1388 est.
1433 1349 1632 1388 Poetarum
1668 1352 1802 1388 autem.

322 1414 532 1463 posterioris
567 1414 713 1458 aetatis.
751 1415 815 1462 qui
850 1426 978 1452 omnes
1017 1414 1091 1452 fere
1126 1415 1223 1453 hanc
1263 1415 1528 1463 synaloepham
1570 1417 1649 1452 tam
1686 1426 1802 1462 aegre·

322 1478 501 1522 ferebant,
529 1481 572 1514 ut
600 1489 683 1514 eam
713 1478 860 1515 omnino
889 1478 963 1515 fere
992 1489 1035 1515 ex
1062 1479 1131 1515 hac
1159 1478 1244 1516 sede
1266 1479 1436 1522 eicerent,
1463 1477 1647 1516 Publilius
1667 1477 1796 1526 Syrus,

323 1552 555 1590 quamquam
584 1542 737 1579 verbum
767 1544 821 1579 est
848 1542 882 1579 h.
904 1543 925 1580 1.
945 1542 1177 1580 antecedenti
1198 1542 1312 1580 vocali
1333 1542 1558 1591 synaloepha
1577 1542 1802 1590 coniungere·

323 1617 395 1642 non
415 1606 563 1642 dubitat
590 1605 651 1654 (cf.
672 1604 730 1642 W.
754 1605 906 1653 Meyer:
935 1598 1036 1643 Uber
1063 1606 1121 1643 die
1143 1606 1410 1653 Beobachtung
1429 1606 1492 1643 des
1510 1605 1801 1657 'Wortaccentes-

320 1669 357 1706 in
387 1669 452 1706 der
481 1669 660 1706 altlatein.
690 1668 837 1714 Poesie;
880 1669 1177 1717 Abhandlungen
1218 1670 1283 1708 der
1309 1669 1630 1718 philos—philolog.
1659 1669 1795 1707 Klasse

321 1733 385 1769 der
413 1733 561 1780 Konigl.
583 1733 835 1781 Bayerischen
855 1733 1057 1771 Akademie
1086 1733 1151 1770 der
1172 1733 1490 1771 wissenschaften
1522 1733 1590 1770 Bd.
1612 1734 1660 1770 17
1680 1745 1713 1782 p.
1730 1734 1798 1771 21.

320 1797 397 1845 48.)
428 1799 556 1833 tamen
587 1796 693 1833 aliter
720 1807 839 1845 neque
860 1797 1013 1834 ultimae
1032 1808 1152 1845 neque
1172 1796 1420 1851 paenultimae
1441 1808 1615 1834 versuum
1634 1796 1799 1834 iambice

320 1860 570 1897 desinentium
609 1860 687 1897 sedi
723 1860 988 1909 synaloepham
1024 1861 1215 1904 attribuit.
1256 1872 1342 1898 cum
1381 1860 1572 1898 Phaedrus
1613 1872 1659 1899 ne
1700 1860 1795 1898 illud

319 1926 375 1961 est
400 1924 551 1973 quidem
579 1925 656 1962 loco
685 1924 730 1962 de
759 1936 830 1973 quo
850 1925 985 1972 agitur,
1015 1925 1235 1962 imminuere
1255 1924 1419 1964 auderet.
1467 1924 1644 1963 Horatius
1664 1927 1795 1963 autem

318 1989 357 2026 in
391 1989 492 2026 exitu
527 2000 701 2027 versuum
735 1989 848 2026 iamb.
878 1988 1077 2037 epodorum
1118 1991 1233 2026 semei
1268 1991 1419 2026 tantum
1448 1989 1671 2038 synaloepha
1697 1999 1791 2026 usus

259 2056 262 2060 ’
319 2058 376 2089 est
405 2052 588 2090 scribens:
616 2064 734 2100 neque
753 2055 817 2090 est.
867 2052 909 2089 In
938 2052 1074 2090 fabulis
1103 2064 1260 2101 quoque,
1289 2064 1383 2101 quas
1412 2052 1617 2101 composuit
1640 2052 1795 2096 Seneca.

319 2116 464 2154 nullum
491 2116 714 2154 vocabulum
743 2119 888 2164 praeter
914 2116 1007 2154 illud
1032 2107 1125 2173 ‘est',
1149 2127 1263 2165 quam
1284 2127 1409 2154 vocem
1430 2116 1576 2165 saepius
1605 2116 1657 2165 (in
1675 2116 1794 2154 iamb.

317 2180 472 2219 senariis
492 2180 638 2218 circiter
659 2178 777 2229 70ies)
800 2181 943 2219 vocales
963 2185 1180 2229 sequentem
1205 2181 1242 2218 in
1259 2191 1434 2218 versuum
1454 2183 1554 2218 exitu
1569 2180 1794 2225 invenimus,

317 2244 544 2292 synaloepha
578 2244 655 2280 voci
690 2244 922 2281 antecedenti
958 2244 1203 2292 coniungitur.
1270 2244 1465 2281 Terentius
1507 2244 1621 2291 igitur
1662 2247 1794 2282 contra

317 2312 521 2345 ceterorum
550 2309 742 2356 poetarum
771 2307 1080 2345 consuetudinem
1109 2318 1197 2345 cum
1225 2307 1300 2345 alia
1330 2307 1508 2345 vocabula
1529 2318 1668 2345 monos.
1706 2309 1790 2345 tum

315 2371 589 2409 interjectiones
626 2371 776 2408 elisione
813 2370 891 2408 voci
920 2372 1111 2419 praeeunti
1139 2373 1417 2418 coagmentatas
1445 2370 1483 2408 in
1510 2370 1586 2409 fine
1613 2382 1789 2408 versuum

315 2435 352 2471 in
381 2434 550 2471 iambum
579 2434 828 2471 desinentium
863 2445 996 2482 ponere
1034 2434 1187 2471 studuit.
1245 2434 1379 2471 Rarius
1408 2445 1522 2482 quam
1550 2434 1586 2471 h.
1612 2435 1635 2472 l.
1667 2435 1793 2472 exstat

315 2497 539 2547 synaloepha
567 2498 604 2535 in
634 2497 719 2536 sede
741 2497 952 2535 huiusmodi
975 2509 1153 2536 versuum
1173 2497 1413 2547 paenultima.
1461 2497 1639 2547 Exempla
1657 2499 1788 2536 autem

314 2562 405 2599 haec
433 2562 582 2609 collegi:
639 2561 751 2599 Andr.
783 2562 858 2599 262
890 2572 1005 2610 usque
1035 2561 1167 2599 adhuc.
1197 2562 1274 2599 470
1304 2561 1463 2599 sensisse
1490 2561 1558 2599 ait.
1587 2561 1665 2599 489
1694 2561 1786 2599 nam
