1874 2904
1029 158 1076 195 18

313 284 386 321 741
428 284 495 321 tibi
529 284 699 321 habeam.
739 284 814 321 785
843 285 984 333 explete
1018 284 1196 323 animum.
1235 286 1310 323 788
1348 285 1509 323 invisum
1545 284 1651 322 hodie
1686 285 1782 333 [797

310 347 466 395 gloriam
502 347 612 396 esse}
664 347 740 385 816
775 347 968 398 Pamphile
1003 348 1119 386 hodie.
1175 348 1251 386 847
1293 349 1346 387 ita
1387 349 1551 398 inquam.
1607 348 1674 386 Ad.
1704 348 1783 386 209

310 413 424 460 atque
452 412 577 451 etiam.
610 412 683 449 707
713 411 832 449 filium
861 423 950 451 esse.
1000 413 1075 450 709
1105 412 1254 451 sinust‘?
1281 413 1377 451 hem.

438 484 606 533 Excepta
651 486 767 534 igitur
807 497 893 524 voce
936 478 1015 544 ‘est’
1056 486 1094 524 in
1136 487 1234 524 thesi
1288 498 1475 531 versuum,
1504 487 1567 535 qui
1609 486 1781 524 trochaeo

308 549 499 593 finiuntur,
537 551 704 587 extrema
741 549 876 598 septies
910 550 1134 598 synaloepha
1170 551 1364 594 invenitur,
1401 561 1445 588 ac
1485 550 1602 588 sexies
1630 549 1781 598 quidem

309 613 348 650 in
375 612 545 650 iambicis
573 612 790 661 septenariis
818 612 916 650 circa
936 613 1026 658 382,
1054 613 1169 651 semel
1197 614 1235 650 in
1255 613 1422 651 versibus
1441 613 1555 651 troch.
1574 612 1782 656 octonariis,

302 688 469 726 quorum
503 688 683 715 numerus
720 676 817 725 apud
853 678 1001 725 poetam
1030 677 1176 716 circiter
1204 678 1254 715 90
1284 680 1351 716 est.
1398 677 1539 716 Eadem
1567 676 1641 715 fere
1670 677 1781 715 huius

310 740 556 789 synaloephae
610 739 819 788 frequentia
874 740 972 788 apud
1035 740 1212 778 Plautum
1268 741 1503 778 distribuitur
1556 741 1596 777 in
1650 751 1779 778 versus

307 803 455 842 circiter
486 804 599 841 1300.

437 867 615 905 Elisiones
657 868 696 904 in
739 868 812 904 arsi
855 867 965 905 huius
1008 869 1168 906 trochaei
1210 868 1360 917 positae,
1402 868 1441 905 in
1483 868 1619 916 quibus
1654 868 1780 905 minus

308 931 569 970 offendendum
598 942 678 970 esse
707 942 780 969 usu
799 933 992 980 poetarum
1013 931 1291 981 dactylicorum,
1312 931 1375 980 qui
1393 931 1634 970 metricarum
1655 932 1779 980 legum

306 996 624 1034 observantissimi
659 995 886 1044 synaloepha
921 996 960 1033 in
995 996 1070 1034 arsi
1109 996 1335 1040 hexametri,
1379 996 1486 1034 cuius
1522 996 1677 1034 ultimus
1715 1007 1779 1045 pes

307 1060 478 1098 trochaeo
512 1059 566 1097 illi
603 1058 814 1097 simillimus
850 1062 917 1103 est,
965 1062 1130 1098 extrema
1167 1071 1237 1098 non
1279 1060 1552 1104 abstinuerunt,
1592 1060 1780 1109 probatur,

307 1123 539 1172 reperiuntur
574 1123 832 1171 quadraginta,
870 1134 1031 1171 quarum
1060 1125 1219 1172 quatuor
1252 1126 1402 1161 tantum
1435 1124 1488 1161 sic
1515 1126 1706 1179 parantur,
1736 1128 1780 1162 ut

307 1187 423 1225 thesis
452 1198 609 1236 sequens
637 1188 837 1235 occupetur
863 1187 1040 1225 vocabulo
1067 1187 1340 1236 monosyllab03
1379 1190 1467 1225 sunt
1495 1187 1595 1226 enim
1624 1188 1693 1226 loci
1721 1187 1779 1226 hi:

307 1251 442 1289 Heaut.
479 1252 556 1288 706
601 1251 727 1288 ordine
773 1261 972 1288 omnem::
1002 1251 1098 1289 hem.
1145 1250 1239 1288 Eun.
1277 1252 1354 1288 290
1391 1251 1537 1299 publice
1574 1254 1631 1289 est
1665 1263 1776 1289 nunc.

309 1316 385 1353 540
408 1315 659 1353 Chaereamtz
688 1305 723 1354 ἆ
749 1302 811 1354 rei.
873 1315 941 1354 Ad.
973 1315 1048 1353 709
1078 1314 1221 1353 sinu'st.
1250 1315 1347 1353 hem.

436 1379 517 1417 Hac
552 1380 682 1418 eadem
719 1381 863 1418 ratione
893 1379 1071 1417 Plautum
1101 1379 1263 1428 quinque
1293 1380 1381 1416 locis
1410 1390 1516 1417 voces
1543 1379 1777 1417 imminuisse

306 1446 574 1482 commemorat
603 1443 663 1483 W.
689 1444 818 1493 Meyer
845 1444 883 1481 in
911 1443 981 1481 loci
1007 1443 1110 1481 citati
1141 1454 1185 1481 ea
1211 1444 1326 1492 parte,
1363 1443 1428 1481 ubi
1470 1442 1515 1481 de
1552 1443 1776 1492 synaloepha

306 1519 329 1544 a
355 1507 525 1545 Terentio
552 1508 590 1545 in
619 1519 774 1546 caesura
801 1507 966 1545 admissa
994 1507 1081 1554 agit.
1137 1506 1208 1545 Sed
1236 1507 1327 1545 haec
1354 1507 1555 1545 hactenus!

434 1581 540 1619 Alius
586 1593 764 1619 versuum
804 1582 917 1625 locus,
957 1581 1021 1629 qui
1062 1580 1201 1619 elisioni
1246 1580 1399 1619 minime
1440 1580 1550 1624 favet,
1590 1583 1647 1618 est
1683 1581 1777 1619 arsis

306 1657 483 1683 versuum
519 1645 791 1683 trochaicorum
832 1645 964 1694 prima,
1000 1656 1114 1693 quam
1151 1644 1301 1682 omnino
1337 1645 1581 1693 synaloephae
1628 1645 1777 1683 licentia

306 1720 439 1748 vacare
458 1709 685 1748 contendens
704 1708 881 1747 Klotzius
899 1709 938 1746 in
957 1708 1060 1746 libri:
1081 1707 1318 1765 ‘Grundzuge
1337 1708 1611 1747 alt—romischer
1628 1701 1776 1747 Metrik’

306 1787 340 1823 p.
374 1774 422 1812 72
459 1774 638 1812 erravisse
673 1773 768 1811 mihi
802 1773 958 1811 videtur.
1014 1772 1183 1810 Primum
1211 1772 1311 1810 enim
1339 1784 1381 1811 eo
1409 1771 1581 1817 offendor,
1610 1772 1706 1821 quod
1734 1775 1778 1810 ut

307 1837 429 1876 valeat
456 1837 520 1875 illa
548 1837 745 1881 sententia,
785 1837 875 1874 locis
903 1837 1000 1874 circa
1030 1837 1079 1873 50
1109 1836 1288 1874 vocabula
1316 1836 1572 1885 monosyllaba
1600 1838 1775 1885 sequente

306 1902 450 1950 syllaba
485 1902 595 1950 longa
634 1901 779 1940 hiantia
814 1903 852 1939 et
890 1900 1045 1950 syllaba,
1082 1911 1177 1949 quae
1215 1900 1392 1949 sequitur,
1427 1902 1595 1950 correpta
1622 1900 1775 1949 legenda

306 1969 404 2003 sunt.
435 1965 557 2012 Quam
585 1965 863 2014 correptionem,
892 1965 924 2002 si
952 1975 1057 2002 voces
1085 1975 1226 2001 monos.
1254 1966 1298 2001 ut
1324 1964 1401 2001 ictu
1430 1966 1613 2002 acuantur
1631 1966 1777 2002 senten-

305 2030 445 2068 tiarum
472 2029 613 2068 ratione
641 2029 860 2078 postulatur,
889 2039 954 2078 per
981 2039 1020 2066 se
1048 2039 1121 2066 non
1149 2027 1320 2066 illicitum
1339 2039 1431 2066 num
1450 2030 1558 2078 poeta
1578 2028 1656 2067 sine
1675 2028 1776 2067 iusta

306 2104 421 2130 causa
439 2095 496 2130 tot
514 2093 603 2129 locis
622 2093 839 2141 praetulerit
856 2093 1012 2136 elisioni,
1032 2092 1138 2129 valde
1157 2092 1314 2129 dubium
1333 2103 1415 2129 esse
1434 2094 1534 2140 puto.
1581 2092 1777 2130 Praeterea

306 2168 378 2195 non
407 2156 543 2195 desunt
570 2167 710 2201 versus,
738 2168 781 2195 ex
810 2156 945 2206 quibus
974 2156 1158 2205 scriptura
1186 2155 1356 2194 codicum
1384 2158 1530 2194 servata
1551 2155 1776 2205 synaloepha

304 2222 367 2258 illa
395 2221 576 2258 removeri
596 2231 747 2268 prorsus
767 2221 907 2268 nequit.
957 2220 1080 2267 Quam
1099 2220 1360 2257 difficultatem
1379 2219 1548 2257 Klotzius
1567 2220 1777 2258 coniectura

304 2284 430 2322 tollere
460 2284 615 2322 conatus
643 2285 701 2321 est
728 2283 765 2321 in
793 2294 849 2321 vv,
890 2282 1001 2322 Andr.
1021 2283 1112 2321 922.
1158 2282 1308 2321 Phorm.
1337 2282 1426 2321 347.
1455 2283 1543 2322 483.
1573 2283 1661 2328 529,
1690 2293 1776 2321 cum

305 2349 451 2386 silentio
479 2347 720 2398 praeterierit.
748 2359 805 2385 vv,
847 2348 960 2385 Andr.
990 2347 1079 2386 341.
1115 2347 1250 2386 Heaut.
1280 2347 1369 2385 328.
1406 2347 1554 2386 Phorm.
1575 2348 1664 2385 468.
1686 2348 1775 2384 525.

306 2413 393 2451 544.
422 2413 514 2450 Hec.
535 2412 625 2449 276.
657 2411 728 2449 Ad.
750 2412 837 2448 563.
890 2411 974 2449 Mea
1003 2413 1130 2449 autem
1159 2411 1343 2449 sententia
1370 2411 1572 2449 auctoritas
1599 2411 1775 2448 librorum

304 2487 491 2514 manuscr.
529 2476 649 2514 maior
684 2477 752 2519 est,
791 2486 905 2523 quam
944 2477 987 2513 ut
1015 2475 1062 2513 ad
1090 2475 1209 2523 legem
1238 2475 1427 2524 quandam
1455 2475 1621 2513 versibus
1649 2477 1776 2524 poetae

305 2539 456 2577 arbitrio
498 2539 567 2576 viri
608 2538 804 2577 cuiusdam
845 2538 941 2576 docti
978 2538 1122 2576 illatam
1165 2538 1450 2577 sustentandam
1493 2539 1604 2577 verba
1640 2538 1775 2576 tradita

305 2602 445 2640 mutari
473 2602 591 2640 liceat.
