1874 2904
990 197 1013 233 6

264 322 345 360 ιωιά
380 320 617 360 Vokalismus
645 321 711 359 der
738 321 864 360 latein.
894 313 1071 369 Sprache'
1100 321 1246 371 Lipsiae
1277 322 1378 360 1860
1407 322 1476 362 vol.
1501 322 1538 360 II
1565 335 1599 372 p.
1631 323 1748 373 776),

262 396 336 433 qua
366 386 502 423 vocalis
529 385 652 423 finalis
681 388 858 434 sequente
887 386 1004 424 vocali
1032 386 1139 434 quasi
1168 386 1396 430 absorbetur,
1424 386 1478 424 ita
1505 376 1548 424 ut
1566 398 1641 425 una
1660 386 1749 425 fere-

262 448 445 486 efficiatur
472 448 626 497 syllaba.
683 448 767 496 Qua
794 449 835 486 in
863 449 1102 498 synaloepha,
1141 460 1235 498 quae
1262 460 1310 487 ne
1337 449 1419 497 ipsa
1447 449 1598 497 quidem
1625 450 1748 499 plane<-

262 512 413 549 carebat
440 511 650 556 offensione,
686 511 896 550 adhibenda
923 523 946 549 a
973 512 1090 560 poetis
1118 512 1309 560 dactylicis
1346 514 1466 550 certas
1494 513 1594 561 leges
1613 513 1749 551 obser-·

261 578 367 613 vatas
402 586 482 613 esse
519 575 700 624 praeclari
736 575 813 620 viri,
856 576 954 613 inter
995 587 1088 624 quos
1124 576 1241 625 primo
1279 576 1357 613 loco
1392 576 1611 616 nominandi
1647 579 1735 615 sunt

262 639 537 683 Lachmannus,
566 638 654 678 Luc.
675 639 838 686 Mueller,
868 640 1242 678 commentationibus
1270 639 1470 678 subtilibus
1491 641 1737 680 ostenderunt

262 706 299 740 et
327 703 589 751 probaverunt.
638 702 760 750 Quam
787 703 834 741 ob
862 715 941 741 rem
964 715 1037 741 non
1057 715 1207 752 prorsus
1225 704 1357 741 inutile
1377 715 1458 742 esse
1476 704 1570 741 mihi
1589 705 1748 743 videtur·

263 777 440 814 quaerere
484 769 521 804 et
562 767 731 811 scrutari,
772 778 893 804 nonne
933 766 1129 805 Terentius
1168 767 1318 805 easdem
1359 766 1433 805 fere
1475 778 1622 805 normas
1661 768 1749 806 huc-

262 833 473 878 spectantes
509 830 768 876 observaverit,
805 830 843 868 id
878 831 1068 875 arbitrato,
1107 834 1233 880 poetas
1263 831 1449 869 scaenicos
1478 831 1578 878 leges
1606 835 1747 880 postea.

261 893 543 940 diligentissime
578 894 803 937 observatas,
842 894 896 931 ita
932 896 975 931 ut
1012 894 1095 931 illas
1124 894 1171 931 ad
1200 895 1347 942 linguae
1376 894 1529 931 Latinae
1558 896 1745 932 naturam

261 960 298 995 et
332 968 445 995 usum
479 956 703 995 revocandas
739 969 821 996 esse
856 957 1016 996 dilucide
1051 959 1238 1007 appareat,
1277 969 1349 996 non
1383 957 1491 1007 plane
1519 957 1731 1005 neglexisse.

390 1020 634 1068 Quaestiones
676 1023 804 1058 autem
845 1021 945 1070 ipsas
981 1021 1035 1058 ita
1069 1021 1279 1065 instituam,
1314 1023 1357 1059 ut
1395 1021 1557 1070 primum
1594 1032 1747 1067 omnes,.

262 1095 357 1132 quae
394 1087 542 1122 exsta-nt
578 1084 617 1122 in
652 1084 789 1122 fabulis
817 1084 1061 1129 Terentianis,
1098 1085 1343 1134 synaloephas
1371 1087 1565 1133 congestas
1593 1084 1731 1123 tabulis
1808 1084 1810 1086 ’

261 1148 428 1192 inferam,
476 1148 605 1187 deinde
652 1148 697 1186 de
744 1148 896 1197 syllabis
943 1150 980 1186 et
1026 1149 1247 1187 exeuntibus
1288 1151 1325 1187 et
1366 1148 1599 1192 ineuntibus,
1638 1159 1745 1196 quae·

261 1212 508 1261 synaloephae
537 1212 724 1250 subiectae
753 1214 852 1257 sunt,
882 1223 993 1260 agam
1021 1212 1060 1250 id
1086 1212 1269 1260 imprimis
1289 1215 1471 1261 spectans,
1500 1223 1593 1249 num
1613 1222 1747 1260 aequa.

260 1276 402 1313 ratione
438 1275 605 1323 syllabae
642 1278 679 1313 et
714 1276 844 1323 longae
877 1278 914 1313 et
943 1276 1070 1313 breves
1099 1279 1137 1314 et
1163 1276 1201 1313 in
1229 1288 1266 1313 m
1299 1276 1510 1314 desinentes
1546 1277 1747 1323 correptae*

260 1339 355 1383 sint;
401 1341 496 1383 tum,
533 1341 744 1388 postquam,
785 1350 881 1388 quae
916 1341 1015 1377 esset
1047 1341 1176 1388 poetae
1213 1340 1306 1394 ratio
1343 1340 1381 1377 in
1417 1338 1595 1377 elidendis
1622 1337 1747 1376 certis

260 1403 422 1447 vocibus,
465 1414 626 1451 quarum
655 1403 880 1452 synaloepha
908 1402 1109 1441 durissima
1138 1404 1186 1441 ab
1214 1403 1327 1452 epicis
1355 1403 1471 1452 poetis
1498 1403 1537 1440 in
1562 1402 1745 1441 versibus¹

260 1466 459 1504 condendis
498 1466 791 1513 diligentissimis
827 1469 864 1503 et
900 1467 1190 1504 accuratissimis
1228 1467 1442 1504 cautissime
1470 1467 1636 1503 adhibita
1666 1469 1746 1503 aut⁴

259 1541 408 1576 prorsus
450 1530 567 1568 vitata
609 1532 676 1575 est,
718 1529 980 1576 demonstravi,
1022 1530 1199 1568 nonnulla
1241 1530 1286 1568 de
1328 1529 1652 1580 proceleusmatico
1694 1532 1731 1568 et

259 1594 486 1642 correptione
514 1594 552 1630 in
582 1593 807 1642 synaloepha
834 1605 857 1630 a
884 1593 1053 1631 Terentio
1081 1594 1246 1632 admissa
1275 1594 1422 1632 addam.
1467 1594 1575 1631 Vocis
1603 1595 1732 1631 autem

260 1648 338 1715 ‘est'
369 1657 626 1707 synaloephas,
664 1668 758 1706 quae
787 1659 825 1696 et
859 1657 1071 1696 lenissimae
1099 1657 1146 1695 ab
1179 1658 1350 1696 omnibus
1378 1657 1494 1707 poetis
1523 1668 1668 1706 semper
1696 1659 1749 1695 et>

259 1722 396 1769 ubique
425 1722 642 1770 saepissime
670 1724 874 1770 usurpatae
904 1724 1004 1765 sunt,
1033 1722 1223 1769 neglegere
1250 1722 1343 1759 mihi
1372 1722 1491 1760 liceat.

388 1784 612 1833 Priusquam
648 1785 726 1822 iam
762 1784 807 1822 ad
844 1796 924 1823 rem
959 1784 1081 1834 ipsam
1118 1784 1324 1833 aggrediar,
1365 1785 1551 1834 reliquum
1586 1787 1653 1829 est,
1690 1787 1749 1822 ut*

257 1849 428 1893 indicem,
457 1860 552 1896 quae
579 1849 792 1887 fabularum
819 1848 1126 1887 'I'erentianarum
1161 1848 1337 1887 editiones
1372 1849 1463 1887 mihi
1492 1849 1530 1886 in
1558 1851 1732 1898 promptu

259 1912 406 1949 fuerint.
476 1912 630 1949 Praeter
682 1912 858 1949 editiones
914 1912 1149 1960 singularum
1201 1912 1414 1949 fabularum
1460 1923 1483 1949 a
1528 1911 1747 1960 Spengelio„

258 1974 457 2022 Wagnero,
504 1975 725 2013 Dziatzcoue
771 1977 921 2013 curatas
960 1975 998 2013 in
1040 1975 1355 2024 comparationem
1395 1975 1521 2014 vocavi
1563 1975 1731 2013 omnium

258 2038 535 2076 comoediarum
564 2039 753 2083 editiones,
792 2050 886 2087 quas
915 2041 1140 2077 curaverunt
1167 2039 1372 2083 Bentleius,
1401 2038 1731 2088 Umpfenbachius,

259 2101 525 2148 Fleckeisenus,
555 2103 737 2141 Dziatzco.
793 2102 933 2141 Versus
962 2105 1089 2142 autem
1127 2103 1237 2141 citavi
1267 2103 1473 2141 secundum
1501 2102 1745 2141 Dz-iatzconis-

258 2167 469 2204 editionem.
937 2167 941 2170 ’

875 2250 969 2296 Oa
1015 2285 1028 2295 .
1062 2250 1114 2295 I.

498 2334 584 2383 De
619 2267 1110 2395 synaloephafzium
1146 2335 1488 2396 frequentia.

388 2432 628 2480 Quamquam
665 2432 709 2469 de
745 2443 900 2469 numero
938 2433 1261 2480 synaloepharum,
1299 2444 1385 2471 cum
1418 2444 1476 2470 res
1514 2444 1557 2470 ex
1591 2432 1744 2470 tabulis-

257 2495 393 2534 additis
430 2496 550 2534 multo
586 2495 720 2533 clarius
757 2497 944 2545 appareat,
981 2495 1102 2533 multa
1134 2495 1245 2534 verba
1282 2496 1402 2534 facere
1437 2507 1512 2534 non
1539 2506 1631 2545 opus
1660 2498 1743 2540 est,.

257 2565 384 2596 tamen
432 2570 618 2608 perpauca
668 2560 906 2608 praemittere
955 2559 1075 2597 liceat.
1150 2560 1188 2597 Si
1234 2560 1517 2597 multitudinem
1563 2560 1743 2611 synaloe--

255 2623 417 2671 pharum
463 2625 611 2660 tantam
656 2622 819 2662 Terentii
865 2622 1240 2668 consideraverimus,
1287 2634 1333 2661 ne
1380 2623 1450 2661 hac
1496 2634 1534 2660 re
1577 2622 1729 2661 adducti
