1874 2904
793 151 843 188 49

82 273 279 318 tribuatur,
315 275 405 312 illud
441 287 636 323 pronomen
673 289 755 315 eam
790 278 947 326 syni‘zesi
984 276 1299 325 pronuntiandum
1328 278 1396 318 est,
1425 276 1477 312 ita
1505 278 1549 311 ut

82 350 165 375 eum
200 338 237 375 in
274 350 304 376 v.
334 339 399 376 Ad.
433 342 480 377 10
518 341 629 378 simul
664 353 750 379 eum
784 343 917 379 ultima
953 341 1049 378 vocis
1084 341 1272 389 intem-um
1300 339 1443 388 syllaba
1472 339 1547 376 voci

83 414 157 450 seq.
186 401 246 440 hic
273 403 495 453 synaloepha
522 408 802 454 coagmentetur
828 408 866 444 et
893 406 1064 444 similiter
1091 408 1227 443 cetera.

209 478 334 525 Aeque
362 489 406 515 ac
434 489 539 516 voces
567 480 769 528 dactylicas
798 480 976 518 vocabula
1004 480 1184 517 cretica
1210 481 1328 527 poeta,
1348 478 1547 527 quominus

82 541 120 579 in
158 541 253 579 thesi
290 542 537 588 imminueret,
573 544 763 589 abstinuit,
798 557 887 583 nam
916 546 953 583 in
982 557 1012 584 v.
1042 544 1131 582 Hec.
1160 546 1249 588 331,
1278 554 1350 592 quo
1378 543 1455 581 loco
1484 554 1548 591 per

82 616 121 641 se
158 605 302 642 licitum
336 609 393 643 est
414 607 481 661 vsic
519 608 661 645 metiri:
706 609 879 645 nzcz'oeume
907 607 972 654 eri,
1003 609 1056 645 ita
1084 610 1127 644 ut
1154 607 1400 655 synaloephae
1427 609 1546 643 exstet

80 667 117 705 in
149 668 253 712 thesi,
282 680 368 707 cum
398 669 482 708 huic
510 682 706 710 mensurae
734 675 938 722 repugnent
956 672 1080 710 omnia
1099 671 1173 709 alia
1192 670 1371 720 exempla,
1399 670 1544 719 syllaba

82 732 178 769 vocis
206 733 262 770 eri
288 735 484 781 posteriore
513 739 677 784 correpta
705 739 880 774 accentus
909 736 1068 785 ponendi
1096 738 1184 773 sunt
1213 735 1265 772 sic
1284 734 1458 772 mdxume
1477 734 1542 771 (ἓν-ι’.

82 795 185 833 Locis
221 795 295 834 fere
331 797 408 835 216
443 809 548 836 voces
583 799 740 838 creticae
775 800 872 849 apud
899 799 978 839 Ter.
1007 801 1192 848 correptae
1220 798 1471 841 inveniuntur,
1499 808 1545 835 ac

84 857 207 897 169ἰθε
242 860 391 908 quidem
429 873 503 910 seq.
540 863 683 910 syllaba
718 864 904 912 producta,
942 862 1041 901 47ies
1074 865 1160 901 ante
1189 862 1352 900 vocalem
1381 862 1541 899 brevem.

82 922 304 961 Huiusmodi
342 925 652 974 synaloepharum
688 927 797 966 iamb.
836 927 990 965 senariis
1027 927 1292 964 attributarum
1330 926 1478 963 exstant
1504 924 1542 962 in

80 986 170 1035 pede
199 988 359 1026 secundo
388 990 458 1033 28:
490 994 577 1029 ante
597 991 779 1039 syllabam
803 991 1038 1040 productam:
1069 990 1181 1028 Andr.
1215 990 1303 1028 166.
1333 990 1422 1027 465.
1454 990 1542 1027 747.

82 1050 214 1089 Heaut.
247 1053 332 1090 121.
362 1054 449 1091 424.
479 1055 569 1092 437.
600 1056 687 1092 757.
719 1056 804 1093 829.
851 1055 945 1092 Eun.
977 1056 1064 1096 110.
1097 1055 1183 1092 189.
1212 1055 1301 1092 519.
1332 1054 1419 1090 826.
1449 1054 1538 1090 905.

80 1114 226 1154 Phorm.
268 1117 356 1155 453.
399 1117 486 1156 597.
555 1118 642 1158 Hec.
671 1119 760 1157 260.
798 1120 884 1158 332.
915 1119 1002 1158 632.
1068 1118 1134 1157 Ad.
1171 1119 1258 1157 405.
1301 1118 1412 1161 451.;
1454 1118 1540 1155 ante

80 1179 262 1226 syllabam
310 1181 478 1219 brevem:
524 1183 626 1220 Andr
688 1184 773 1221 196.
837 1183 972 1221 Heaut.
1021 1183 1109 1220 308.
1156 1183 1244 1219 488.
1308 1181 1403 1218 Eun.
1452 1181 1539 1218 818.

80 1242 227 1281 Phorm.
257 1244 345 1282 656.
375 1245 462 1283 684.
518 1246 606 1284 Hec.
645 1247 732 1285 499.
787 1247 854 1284 Ad.
892 1248 990 1290 444;
1025 1246 1064 1284 in
1100 1246 1199 1295 pede*
1218 1245 1326 1284 tertio
1358 1245 1426 1289 10;
1463 1256 1538 1293 seq.

79 1307 160 1354 syll.
190 1308 318 1355 longa:
346 1309 458 1347 Andr.
488 1311 576 1347 422.
606 1312 692 1349 891.
731 1311 864 1348 Heaut.
896 1312 983 1348 541.
1023 1310 1117 1347 Eun.
1147 1311 1235 1347 518.
1274 1309 1420 1346 Phorm.
1441 1309 1540 1351 683;

80 1382 153 1418 seq.
184 1371 265 1420 syll.
295 1372 410 1410 brevi:
449 1373 560 1411 Andr.
594 1375 677 1411 125.
734 1374 870 1412 Heaut.
907 1373 996 1412 408.
1053 1373 1146 1411 Eun.
1183 1374 1245 1411 95.
1275 1373 1336 1411 99.
1392 1372 1538 1410 Phorm.

79 1436 174 1480 447;
212 1436 249 1474 in
279 1437 368 1486 pede
398 1440 528 1486 quarto
557 1440 627 1485 34;
668 1441 754 1477 ant-e
783 1439 866 1487 syll.
896 1439 1063 1486 longam:
1099 1437 1210 1476 Andr.
1240 1439 1301 1475 35.
1334 1437 1420 1475 101.
1450 1437 1538 1474 423.

78 1499 167 1536 436.
197 1501 286 1538 550.
316 1503 403 1538 571.
435 1503 520 1540 765.
551 1504 637 1539 781.
675 1502 811 1541 Heaut.
841 1504 901 1540 46.
931 1504 994 1539 54.
1027 1503 1112 1540 144.
1143 1503 1231 1539 866.
1270 1500 1364 1538 Eun.
1387 1501 1445 1538 72.
1478 1501 1540 1541 75.

82 1563 165 1601 129.
195 1565 282 1602 530.
315 1566 401 1603 899.
431 1566 518 1603 974.
541 1567 629 1604 975.
676 1566 824 1604 Phorm.
858 1566 945 1604 137.
975 1566 1063 1604 270.
1094 1567 1183 1603 578.
1213 1566 1301 1604 604.
1331 1565 1419 1602 618.
1449 1565 1540 1602 956.

79 1629 167 1667 Hec.
209 1630 293 1667 108.
333 1630 417 1666 169.
455 1630 541 1667 830.
604 1629 670 1667 Ad.
708 1631 771 1667 20.
812 1632 908 1673 144;
944 1642 1019 1677 seq.
1049 1630 1129 1677 syll.
1167 1629 1285 1667 brevi:
1324 1628 1418 1665 Eun.
1448 1629 1536 1665 694.

81 1693 228 1732 Phorm.
257 1694 345 1732 304.
402 1693 491 1732 Hec.
526 1695 614 1732 331.
671 1693 738 1732 Ad.
777 1695 871 1739 655;
904 1694 942 1731 in
979 1693 1068 1743 pede
1104 1695 1204 1731 sexto
1240 1695 1262 1730 7
1292 1705 1364 1741 seq.
1398 1692 1542 1741 syllaba

78 1757 204 1805 longa:
231 1758 344 1794 Andr.
376 1759 461 1795 785.
499 1758 594 1795 Eun.
626 1759 714 1796 669.
746 1755 846 1796 896.v
891 1758 1036 1795 Phorm.
1065 1758 1153 1795 286.
1209 1757 1298 1795 Hec.
1327 1757 1415 1794 205.
1471 1757 1538 1794 Ad.

77 1822 166 1860 487.
195 1822 284 1860 488.
323 1822 393 1860 Pes
413 1821 527 1870 igitur
546 1823 699 1872 quintus
719 1822 931 1867 huiusmodi
951 1822 1100 1861 elisione
1121 1824 1239 1867 vacat,
1269 1832 1356 1859 cum
1375 1821 1539 1859 maxima

76 1885 282 1934 frequentia
311 1886 559 1935 exemplorum
590 1887 639 1924 sit
665 1887 705 1924 in
735 1887 823 1936 pede
851 1889 982 1935 quarto
1011 1889 1049 1924 et
1077 1886 1250 1924 secundo.

204 1950 362 1989 Versum
390 1951 500 1989 iamb.
531 1953 669 2001 septen.
700 1951 782 2001 pedi
821 1951 980 1990 secundo
1019 1951 1179 1990 tributae
1209 1953 1297 1989 sunt
1325 1950 1538 1988 huiusmodi

75 2016 319 2063 synaloephae
355 2017 448 2053 tres:
489 2015 625 2053 Heaut.
664 2017 751 2054 694.
806 2016 896 2053 Hec.
930 2017 1016 2053 816.
1055 2017 1142 2059 824,
1190 2015 1271 2063 pedi
1309 2017 1439 2063 quarto
1471 2015 1537 2051 12:

75 2078 211 2117 Heaut.
232 2080 319 2118 697.
351 2079 437 2117 704.
468 2080 555 2117 726.
587 2081 673 2118 734.
717 2079 808 2118 Eun.
828 2081 916 2117 275.
946 2081 1033 2117 277.
1066 2080 1153 2118 321.
1186 2080 1299 2117 1005.
1337 2078 1426 2116 Hec.
1447 2079 1536 2116 236.

76 2143 164 2180 251.
202 2144 290 2180 359.
326 2144 413 2181 825.
457 2143 622 2191 [Phorm.
662 2144 790 2180 7541.
826 2142 887 2193 d.].
929 2143 1015 2192 pedi
1052 2145 1152 2181 sexto
1181 2141 1224 2180 3:
1271 2143 1416 2180 Phorm.
1449 2144 1536 2179 777.

75 2205 164 2243 Hec.
210 2207 298 2243 341.
342 2206 436 2250 836;
485 2206 566 2255 pedi
608 2207 763 2255 septimo
799 2208 841 2244 3:
884 2205 981 2245 Eun.
1024 2207 1113 2244 603.
1159 2207 1273 2244 1011.
1330 2206 1418 2243 Hec.
1448 2206 1534 2243 816.

75 2269 229 2308 Duobus
257 2272 407 2307 tantum
441 2270 498 2308 his
536 2270 677 2308 ultimis
706 2271 795 2309 locis
834 2282 900 2308 vox
935 2270 1026 2308 elisa
1063 2271 1240 2319 excipitur
1281 2270 1395 2308 vocali
1425 2268 1533 2312 brevi,

75 2343 161 2371 cum
189 2334 282 2371 Eun.
312 2334 389 2371 286
419 2334 613 2390 ‘Parmeno
641 2326 722 2372 eho’
750 2335 851 2372 locus
880 2334 928 2371 sit
955 2335 1130 2372 incertus.

202 2398 256 2437 Ex
282 2398 393 2437 iamb.
422 2399 618 2438 octonariis
645 2399 736 2438 haec
765 2399 903 2438 contuli
931 2399 1114 2448 exempla:
1144 2411 1176 2438 a.
1205 2410 1280 2447 seq.
1310 2398 1389 2447 syll.
1406 2398 1534 2447 longa:

74 2463 188 2501 Andr.
220 2464 304 2501 176.
335 2463 422 2501 592.
453 2464 540 2501 593.
599 2463 734 2501 Heaut.
771 2464 859 2501 239.
895 2464 981 2501 677.
1019 2464 1107 2501 997.
1164 2463 1257 2501 Eun.
1295 2463 1383 2500 562.
1416 2463 1532 2500 1038.

77 2528 189 2566 1049.
247 2527 391 2566 Phorm.
435 2529 519 2567 175.
557 2528 703 2578 [1941.
734 2528 787 2578 d.]
827 2529 913 2567 193.
951 2529 1039 2566 474.
1076 2528 1165 2566 483.
1207 2528 1293 2565 742.
1325 2527 1412 2566 801.
1444 2528 1531 2565 817.

74 2592 161 2629 Hec.
191 2593 267 2629 314
299 2593 364 2629 bis.
394 2593 480 2629 315.
514 2593 602 2629 600.
641 2592 707 2629 Ad.
729 2594 817 2630 259.
847 2593 935 2630 260.
967 2592 1054 2629 310.
1085 2592 1173 2628 520.
1207 2593 1294 2634 537.
1325 2593 1413 2628 622.
1444 2593 1532 2629 624.

1302 2657 1321 2688 4
