1874 2904
1019 156 1097 197 20.

905 281 1057 343 Cap.
1090 281 1182 327 II.

432 378 517 426 De
552 377 796 438 syllabis
831 379 893 425 et
928 377 1086 426 elisis
1121 380 1183 425 et
1216 390 1414 432 vocem
1449 376 1651 425 elisam

818 452 1261 514 excipientibus.

430 560 597 598 Multum
634 561 750 605 abest,
791 562 835 598 ut
880 572 1008 598 omnes
1050 560 1298 609 synaloephae
1339 560 1470 598 eadem
1510 560 1586 598 sint
1623 560 1784 598 duritia..

303 623 478 673 Namque
505 635 593 662 cum
620 624 659 662 in
688 623 866 663 elidendis
896 624 1050 673 syllabis
1078 624 1263 669 brevibus,
1301 635 1397 673 quae
1434 623 1474 661 in
1500 624 1666 663 vocalem
1694 636 1788 662 exe—

304 690 384 732 unt,
412 688 471 725 vix
498 688 728 726 haerendum
756 688 815 731 sit,
844 688 984 726 maiore
1011 699 1099 726 cum
1127 688 1323 726 offensione
1343 688 1590 736 corripiuntur
1609 688 1784 737 syllabae·

302 752 443 800 longae‚
481 763 575 801 quas
610 754 729 801 poeta,
769 763 841 801 quo
870 751 1026 801 quisque
1062 751 1305 791 severioribus
1332 751 1471 789 normis
1500 762 1539 790 se
1567 751 1786 795 adstrinxit„

302 827 344 853 eo
372 817 494 854 rarius
532 827 607 864 seq.
637 816 781 864 syllaba
815 816 916 854 brevi
951 815 1172 854 imminuere
1201 826 1317 853 ausus
1345 817 1412 853 est.
1469 814 1572 862 Quae
1600 827 1658 853 res
1686 827 1781 853 cum*

302 881 355 918 ita
384 892 422 918 se
451 879 597 925 habeat,
625 883 669 917 ut
696 890 771 928 qua
788 879 983 918 Terentius
1010 879 1050 917 iu
1075 879 1147 917 hac
1165 891 1205 918 re
1223 890 1316 917 usus
1336 881 1433 918 esset
1452 880 1592 918 ratione
1611 879 1785 918 dilucide-

302 945 504 992 appareret,
533 954 723 980 summam
750 954 900 991 operam
929 943 1015 979 huic
1043 943 1249 990 quaestioni
1277 942 1360 980 dedi
1390 945 1501 991 atque
1529 954 1784 992 quaecunque⁴

303 1007 373 1045 huc
409 1007 594 1056 pertinent
632 1017 747 1055 quam
782 1006 1060 1044 accuratissime
1096 1006 1200 1055 potui
1238 1007 1418 1055 respicere
1446 1007 1585 1045 studui.
1640 1007 1784 1056 Itaque-

301 1071 426 1109 vocab.
454 1082 596 1108 monos.
624 1071 663 1107 in
691 1071 855 1108 vocalem
885 1071 1055 1108 exeuntia
1077 1070 1239 1116 vocibus,
1267 1070 1420 1118 quaein
1440 1071 1603 1109 vocalem
1622 1071 1782 1119 longam*¹

301 1135 487 1180 desinunt,
506 1135 664 1173 miscere
682 1146 755 1172 non
775 1145 889 1172 ausus
910 1146 1005 1179 sum,
1026 1137 1065 1172 et
1079 1145 1122 1172 ea
1141 1145 1280 1173 monos.
1301 1145 1396 1183 quae
1415 1135 1484 1173 litt.
1501 1127 1562 1192 tm'
1581 1135 1784 1180 finiuntur„

300 1210 322 1236 a
342 1199 494 1237 vocibus
517 1199 681 1247 plurium
701 1199 929 1246 syllabarum
950 1199 988 1235 in
1008 1189 1068 1254 tm'
1089 1198 1308 1235 exeuntibus
1329 1199 1496 1246 separavi
1517 1210 1583 1236 suo
1603 1210 1784 1247 quaeque-

298 1263 375 1300 loco
411 1264 652 1307 tractaturus,
689 1262 865 1310 quoniam
902 1263 1048 1310 propter
1082 1261 1227 1299 hiatum
1255 1261 1477 1309 legitimum,
1505 1264 1632 1299 utrum
1661 1273 1783 1311 syna--

299 1326 427 1374 loepha
456 1326 534 1363 voci
562 1337 637 1374 seq.
656 1327 915 1373 coagmentata
944 1337 991 1362 an
1017 1325 1161 1362 hiantia
1188 1325 1343 1372 legenda
1369 1326 1456 1369 sint,
1475 1326 1662 1363 nonnullis
1682 1327 1783 1363 locis-

301 1390 485 1427 incertum
514 1392 580 1427 est.
1748 1388 1755 1389 ’

428 1463 472 1500 In
505 1463 743 1510 congerendis
781 1463 955 1511 exemplis
992 1464 1143 1500 secutus
1181 1473 1265 1500 sum
1295 1462 1553 1516 Dziatzconem
1588 1463 1633 1500 iis
1671 1463 1782 1507 locis‚.

301 1538 392 1575 quos
420 1526 517 1565 infra
545 1527 705 1565 incertos
734 1526 1042 1571 commemorabo.
1072 1526 1240 1575 exceptis.

428 1601 484 1639 Ne
530 1602 695 1639 ambitus
741 1603 870 1639 autem
911 1601 1022 1639 huius
1064 1601 1176 1638 libelli
1217 1601 1330 1638 nimis
1376 1603 1584 1648 augeretur,
1624 1601 1783 1649 singulas.

299 1665 477 1714 exempla,
513 1676 608 1714 quae
644 1667 745 1703 certa
782 1665 867 1709 sint,
904 1676 975 1702 non
1012 1664 1132 1709 attuli,
1172 1664 1236 1702 sed
1264 1664 1309 1702 de
1338 1664 1402 1708 eis,
1435 1675 1530 1713 quae
1558 1666 1601 1702 ut
1627 1664 1779 1703 incerta

300 1729 453 1776 neglexi,
492 1729 620 1777 paucis
649 1740 715 1765 cur
743 1739 786 1765 ea
813 1729 956 1765 incerta
984 1731 1122 1776 putem,
1158 1728 1251 1765 ratio
1279 1728 1465 1766 reddenda
1492 1728 1585 1765 mihi
1613 1729 1780 1766 videtur..

300 1792 397 1830 Sunt
424 1795 553 1830 autem
581 1792 649 1830 loci
679 1792 734 1829 hi:

790 1876 833 1916 Α.
871 1875 908 1916 in
939 1875 1056 1916 iamb.
1085 1875 1278 1917 senariis:

424 1952 539 1990 Andr.
572 1953 616 1989 11
667 1963 744 1990 mm
772 1952 827 1989 ita
855 1954 949 1988 siml
974 1950 1153 1989 dissimili
1179 1953 1407 2000 aryumento,
1436 1950 1503 1988 sed
1530 1953 1663 1990 tamen.
1726 1951 1778 1989 In>-

297 2016 365 2053 hoc
399 2027 511 2053 versu
547 2015 751 2053 exhibendo
783 2015 926 2053 codices
954 2015 1175 2063 discrepant.
1205 2013 1316 2052 Codd.
1346 2013 1547 2052 BCDGP
1574 2014 1781 2063 praebentt:

229 2122 232 2126 ⁴
296 2090 374 2117 mm
401 2080 457 2117 ita
483 2078 663 2117 dissimili
689 2080 781 2116 sunt
807 2080 1036 2127 argumento,
1065 2077 1132 2116 sed
1157 2080 1295 2125 tamen,
1330 2089 1425 2126 quae
1467 2078 1573 2116 lectio
1615 2089 1780 2116 mensu--

296 2154 377 2180 ram
407 2154 535 2180 versus
563 2142 770 2190 legitimam
808 2142 968 2186 excedit3
1005 2153 1092 2180 cum
1122 2141 1247 2191 Umpf.
1276 2143 1314 2180 et
1341 2141 1514 2179 Fleckeis.
1570 2141 1780 2187 Ritterum,¹

296 2208 360 2256 qui
387 2206 532 2245 indiciis
560 2206 693 2245 codicis
721 2206 751 2244 E
780 2206 936 2245 fortasse
951 2200 1146 2255 'impulsus
1174 2205 1297 2244 verbis
1325 2204 1504 2244 dissimili
1530 2207 1622 2243 sunt
1646 2207 1781 2243 trans--

299 2271 455 2309 mutatis
511 2270 748 2308 offensionem
793 2270 1055 2308 removendam
1102 2281 1183 2308 esse
1229 2271 1356 2318 putat,
1400 2269 1519 2307 secuti
1572 2269 1768 2317 legendam

295 2336 523 2384 proponant:
559 2346 637 2372 non
673 2335 728 2372 ita
764 2336 855 2371 simi
889 2332 1068 2372 dissimili
1094 2335 1323 2383 aryumento,
1364 2332 1431 2370 sed
1456 2335 1592 2380 tamen,
1630 2333 1778 2382 optime·

294 2399 450 2436 fortasse
491 2398 665 2436 Dziatzco
706 2400 744 2435 et
786 2397 1004 2446 Spe-ugellus
1059 2409 1145 2435 voce
1201 2397 1269 2434 sed
1322 2408 1408 2434 cum
1458 2397 1624 2434 Bentleio
1660 2397 1698 2434 in
1735 2399 1781 2434 et>

294 2464 442 2500 mutata
477 2462 674 2500 lectionem
716 2461 797 2500 libr.
833 2461 1058 2510 optimorum
1098 2462 1212 2499 hanc:
1263 2472 1341 2498 non
1376 2461 1431 2499 ita
1469 2459 1647 2498 dissimili
1678 2462 1781 2498 sunl:

293 2538 363 2574 ary
392 2556 401 2564 .
431 2555 441 2564 .
472 2556 481 2564 .
517 2526 686 2565 retinent.
738 2525 973 2575 Synaloepha
1007 2525 1121 2574 igitur
1162 2523 1342 2563 dissimili
1377 2526 1593 2573 aryumento
1627 2524 1779 2562 coniec—

293 2592 379 2628 tura
407 2590 537 2629 effecta
564 2589 771 2629 omittenda
803 2591 869 2629 est.
