1874 2904
1027 149 1079 187 42

807 273 846 322 Ε,
885 272 923 315 1η
953 273 1072 316 iuml».
1101 273 1306 325 quatern..

442 358 556 395 Andr.
591 359 670 395 636
719 369 804 396 sum
841 350 1011 406 egomet.
1054 358 1244 397 vocabula
1285 359 1399 406 igitur
1426 370 1580 403 monos..
1619 369 1715 406 quae
1750 360 1793 397 in

327 412 378 456 m’
425 420 610 463 desinunt,
656 421 765 458 toties
810 421 885 459 fere
932 421 1178 470 synaloephae
1230 421 1397 459 subiecta
1442 421 1482 459 in
1523 420 1660 459 fabulis
1705 421 1792 461 Ter.

312 483 661 531 deprehenduntur:

368 567 443 594 xoo.
485 548 586 594 eum'
802 555 902 594 57ies
931 568 1005 606 seq.
1035 557 1116 606 syll.
1146 557 1267 605 longa,
1324 555 1397 595 3ies
1425 568 1501 606 seq.
1532 557 1613 606 syll.
1636 557 1737 596 brevi

397 648 415 667 77
471 599 589 673 :stium
803 621 852 657 53
876 649 893 668 77
965 649 983 668 77
1069 649 1087 669 77
1199 650 1216 669 77
1304 621 1350 657 12
1374 650 1392 669 77
1464 649 1482 669 77
1567 649 1585 669 77
1689 649 1707 669 77

397 711 414 730 77
471 694 546 719 lam
804 684 854 718 63
877 711 895 731 77
968 711 985 730 77
1071 711 1089 731 77
1202 712 1219 732 77
1302 684 1353 720 24
1375 712 1393 732 77
1466 711 1484 732 77
1569 712 1587 731 77
1690 711 1708 732 77

395 774 413 794 n
471 756 559 782 nam
802 746 854 782 93
876 774 894 793 „
966 774 984 793 „
1202 775 1219 795 ,,
1303 747 1352 783 27
1376 775 1393 795 ,,
1466 775 1484 795 ,,
1569 775 1587 795 ,,
1689 775 1710 795 ,,

397 838 414 858 77
472 820 561 846 num
830 810 852 845 5
876 838 894 858 77
966 838 984 858 77
1200 839 1218 859 77
1329 811 1351 847 2
1375 839 1392 858 77
1465 839 1483 858 77
1568 838 1586 859 77
1690 839 1711 859 77

396 902 414 921 „
471 882 582 920 quam
609 872 775 921 (partie.)
803 872 854 910 68
876 901 894 921 „
967 900 984 921 ,,
1071 901 1089 921 ,,
1202 902 1220 922 ,,
1306 873 1354 910 18
1377 902 1395 923 ,,
1467 902 1485 921 ,,
1569 901 1587 922 „
1690 902 1709 922 „

397 964 414 983 ,,
472 946 586 983 quam
617 935 724 982 (aco.)
803 936 852 972 65
876 963 893 984 ,,
966 964 984 984 ,,
1070 964 1087 984 ,,
1200 964 1218 985 ,,
1305 938 1392 985 11,,
1465 965 1483 985 ,,
1568 965 1586 986 ,,
1689 964 1714 985 ,,,

633 998 690 1044 (ex
719 998 776 1034 his
806 998 856 1034 53
878 1026 896 1047 „
928 1009 1086 1055 :quam
1105 999 1151 1035 ob
1171 990 1280 1047 rem’)

397 1090 414 1110 „
471 1072 582 1108 quem
807 1062 855 1097 15
878 1090 896 1110 ,,
935 1073 1008 1109 seq.
1038 1062 1119 1109 syll.
1151 1062 1270 1109 longa,
1301 1063 1391 1110 11„
1463 1091 1481 1110 .,
1566 1090 1584 1111 ,,
1688 1091 1706 1111 ,,

396 1153 413 1172 77
471 1135 583 1171 quom
803 1125 850 1160 ”)1
876 1153 893 1172 77
965 1152 983 1172 77
1199 1153 1218 1173 77
1305 1126 1347 1161 1
1329 1138 1352 1161 ²
1375 1153 1393 1173 77
1465 1154 1483 1173 77
1568 1153 1586 1173 77
1689 1153 1707 1173 77

396 1216 414 1235 77
471 1197 550 1223 rem
804 1187 893 1236 56„
966 1215 983 1235 77
1069 1215 1087 1235 77
1200 1215 1217 1235 77
1304 1189 1351 1224 1
1329 1188 1392 1235 '77
1464 1216 1482 1236 77
1567 1216 1585 1236 77
1689 1216 1706 1236 77

396 1278 413 1298 ,,
472 1260 556 1286 sum
802 1250 893 1299 40„
967 1279 984 1299 „
1200 1279 1217 1299 ,,
1304 1251 1351 1287 18
1375 1279 1392 1299 ,,
1465 1279 1483 1300 ,,
1568 1279 1586 1299 .,
1689 1279 1711 1300 ,,,

395 1342 413 1362 77
471 1317 550 1350 tam
801 1314 851 1350 25
874 1342 892 1363 77
965 1342 983 1362 77
1069 1342 1087 1362 77
1199 1342 1217 1362 77
1329 1314 1352 1350 6
1374 1342 1391 1363 77
1433 1325 1435 1327 ’
1464 1343 1481 1363 77
1568 1342 1585 1363 η
1688 1343 1706 1364 77

395 1406 413 1425 77
470 1382 552 1414 tum
802 1377 893 1425 28„
965 1405 983 1425 77
1068 1405 1086 1425 77
1199 1406 1217 1425 77
1328 1378 1351 1414 9
1375 1406 1393 1426 77
1464 1406 1482 1426 77
1568 1406 1586 1427 77
1689 1406 1707 1426 77

423 1450 666 1487 Vocabula
704 1462 889 1493 monos..
923 1461 1018 1498 quae
1054 1450 1247 1488 Terentius
1284 1450 1376 1488 nisi
1416 1462 1510 1499 seq.
1547 1451 1651 1499 syll.
1688 1462 1798 1499 pro-

313 1513 451 1551 ‹lueta
480 1514 804 1562 synaloephae
833 1524 918 1550 uon
947 1513 1170 1556 subiecit.
1199 1513 1290 1551 haec
1310 1515 1415 1551 sunt:
1444 1514 1492 1551 da
1511 1514 1581 1563 (2),
1600 1513 1796 1562 i(imper.)-

314 1578 384 1626 (2),
413 1589 434 1614 o
464 1576 673 1625 (interient.)
715 1577 783 1626 (1),
821 1587 908 1625 prae
948 1577 1017 1625 (2),
1046 1587 1109 1625 pro
1140 1576 1234 1625 (22),
1264 1580 1323 1615 sta
1352 1576 1421 1626 (1),
1450 1579 1506 1615 sto
1535 1577 1605 1626 (1),
1634 1588 1698 1626 spe
1722 1576 1790 1625 (6),

313 1641 347 1678 vi
377 1641 454 1689 (4);
493 1641 591 1678 olam
629 1640 697 1689 (4),
734 1640 820 1678 dem
858 1640 925 1688 (2),
965 1652 1024 1678 em
1060 1641 1129 1689 (6),
1168 1640 1240 1678 sim
1283 1640 1352 1691 (4),
1391 1652 1494 1690 spem
1524 1641 1593 1690 (8),
1629 1641 1705 1678 vim
1734 1639 1796 1690 (1)

314 1705 495 1752 (numeris
533 1704 571 1741 in
600 1705 707 1741 uncis
736 1704 874 1741 additis
902 1703 1098 1747 indicatur,
1137 1704 1307 1752 quotiens
1335 1704 1398 1741 illa
1426 1705 1538 1742 verba
1567 1704 1793 1753 synaloepha

314 1769 479 1818 syllabae
508 1768 638 1816 longae
667 1767 1007 1817 coagmententur).

422 1842 539 1880 Voces
587 1843 845 1885 iambicas,
892 1843 930 1880 in
980 1853 1140 1890 quarum
1181 1843 1406 1891 synaloepha
1449 1844 1576 1891 poetae
1618 1842 1791 1890 dactylici

314 1916 464 1943 omnem
492 1905 675 1944 dederunt
701 1917 852 1955 operam
880 1917 928 1943 ne
957 1906 1068 1944 elisae
1097 1906 1354 1954 exciperentur
1381 1906 1496 1944 vocali
1515 1906 1628 1949 brevi,
1656 1905 1796 1944 Teren-

315 1970 410 2006 tium
446 1981 520 2006 non
555 1981 637 2007 raro
674 1972 760 2007 ante
797 1970 879 2018 syll.
917 1970 1066 2007 brevem
1101 1970 1321 2018 corripuisse
1357 1970 1434 2007 iam
1476 1981 1589 2018 supra
1631 1980 1792 2007 comme—

315 2033 466 2071 moravi.
514 2032 673 2071 Summa
693 2033 843 2071 lieentia
871 2035 979 2081 poeta
1008 2044 1098 2071 usus
1127 2036 1184 2071 est
1211 2033 1249 2071 in
1277 2033 1426 2071 elisione
1444 2033 1668 2081 pronominis
1689 2023 1795 2090 ‘tibiss

314 2096 375 2133 eui
402 2096 481 2133 voci
509 2107 583 2133 usu
610 2097 720 2134 tritae
750 2096 850 2133 haud
887 2096 961 2134 seio
998 2107 1044 2134 an
1081 2107 1257 2134 mensura
1295 2096 1459 2144 legitime
1492 2096 1653 2134 iambica
1681 2096 1795 2133 dene-

313 2159 437 2207 ganda
456 2159 515 2197 sit.
557 2158 688 2207 Itaque
707 2159 746 2197 in
765 2159 941 2208 exemplis
960 2159 1187 2208 proferendis
1207 2170 1334 2197 vooem
1354 2151 1454 2217 ‘ubil
1482 2159 1544 2197 ubi
1564 2159 1794 2208 synaloepha.

314 2222 493 2266 afficitur,
547 2222 696 2260 addam.
762 2223 952 2260 Vocabula
997 2234 1196 2261 mensurae
1241 2223 1423 2262 iambioae
1470 2225 1555 2261 ante
1603 2223 1791 2271 syllabam

314 2287 532 2335 productam
561 2287 619 2324 his
648 2287 737 2324 loeis
765 2287 1061 2325 imminuuntur:

810 2414 854 2454 Α.
884 2414 921 2454 in
952 2414 1069 2455 iamb.
1098 2414 1295 2456 senariis:

442 2500 555 2538 Andr.
593 2502 655 2538 34.
701 2500 787 2538 104.
829 2501 916 2538 116.
953 2501 1042 2539 226.
1078 2502 1168 2539 467.
1211 2501 1301 2540 468.
1339 2502 1427 2540 469.
1465 2502 1541 2539 497
1579 2501 1657 2540 tibi.
1696 2501 1790 2539 525.

313 2564 390 2600 573
421 2564 499 2601 tibi.
529 2564 616 2602 663.
648 2564 736 2601 679.
769 2564 856 2602 731.
888 2565 973 2602 744.
1006 2565 1092 2601 751.
1125 2565 1213 2602 789.
1243 2565 1331 2601 817.
1363 2565 1450 2602 885.
1483 2565 1570 2602 894.
