<?xml version="1.0" encoding="UTF-8"?>
<!DOCTYPE html PUBLIC "-//W3C//DTD XHTML 1.0 Transitional//EN"
    "http://www.w3.org/TR/xhtml1/DTD/xhtml1-transitional.dtd">
<html xmlns="http://www.w3.org/1999/xhtml" xml:lang="en" lang="en">
 <head>
  <title>
</title>
<meta http-equiv="Content-Type" content="text/html;charset=utf-8" />
  <meta name='ocr-system' content='tesseract 3.04.00' />
  <meta name='ocr-capabilities' content='ocr_page ocr_carea ocr_par ocr_line ocrx_word'/>
</head>
<body>
  <div class='ocr_page' id='page_1' title='image "4737359_0034.png"; bbox 0 0 1874 2904; ppageno 0'>
   <div class='ocr_carea' id='block_1_1' title="bbox 1020 145 1093 183">
    <p class='ocr_par' dir='ltr' id='par_1_1' title="bbox 1020 145 1093 183">
     <span class='ocr_line' id='line_1_1' title="bbox 1020 145 1093 183; baseline 0 0"><span class='ocrx_word' id='word_1_1' title='bbox 1020 158 1029 172; x_wconf 56' lang='lat' dir='ltr'>s</span> <span class='ocrx_word' id='word_1_2' title='bbox 1041 145 1093 183; x_wconf 80' lang='lat'>26</span> 
     </span>
    </p>
   </div>
   <div class='ocr_carea' id='block_1_2' title="bbox 938 200 1192 204">
    <p class='ocr_par' dir='ltr' id='par_1_2' title="bbox 938 200 1192 204">
     <span class='ocr_line' id='line_1_2' title="bbox 938 200 1192 204; baseline 0 0"><span class='ocrx_word' id='word_1_3' title='bbox 938 200 1192 204; x_wconf 95' lang='lat' dir='ltr'> </span> 
     </span>
    </p>
   </div>
   <div class='ocr_carea' id='block_1_3' title="bbox 328 271 1807 511">
    <p class='ocr_par' dir='ltr' id='par_1_3' title="bbox 328 271 1807 450">
     <span class='ocr_line' id='line_1_3' title="bbox 329 271 1807 324; baseline -0.003 -11"><span class='ocrx_word' id='word_1_4' title='bbox 329 275 480 313; x_wconf 79' lang='lat' dir='ltr'>tertiam</span> <span class='ocrx_word' id='word_1_5' title='bbox 511 275 697 324; x_wconf 81' lang='lat' dir='ltr'>syllabam</span> <span class='ocrx_word' id='word_1_6' title='bbox 725 275 825 313; x_wconf 87' lang='lat' dir='ltr'>vocis</span> <span class='ocrx_word' id='word_1_7' title='bbox 853 273 1088 322; x_wconf 78' lang='lat' dir='ltr'><strong><em>obstupefecit</em></strong></span> <span class='ocrx_word' id='word_1_8' title='bbox 1114 274 1264 322; x_wconf 78' lang='lat' dir='ltr'><strong>longam</strong></span> <span class='ocrx_word' id='word_1_9' title='bbox 1291 283 1493 322; x_wconf 81' lang='lat' dir='ltr'>usurpasse</span> <span class='ocrx_word' id='word_1_10' title='bbox 1519 271 1614 310; x_wconf 90' lang='lat' dir='ltr'>mihi</span> <span class='ocrx_word' id='word_1_11' title='bbox 1642 271 1807 315; x_wconf 77' lang='lat' dir='ltr'>videtur,</span> 
     </span>
     <span class='ocr_line' id='line_1_4' title="bbox 328 336 1801 385; baseline -0.003 -8"><span class='ocrx_word' id='word_1_12' title='bbox 328 340 381 377; x_wconf 83' lang='lat' dir='ltr'>ita</span> <span class='ocrx_word' id='word_1_13' title='bbox 432 341 475 377; x_wconf 89' lang='lat' dir='ltr'>ut</span> <span class='ocrx_word' id='word_1_14' title='bbox 515 339 670 377; x_wconf 85' lang='lat' dir='ltr'><strong>lectione</strong></span> <span class='ocrx_word' id='word_1_15' title='bbox 719 338 890 377; x_wconf 85' lang='lat' dir='ltr'>codicum</span> <span class='ocrx_word' id='word_1_16' title='bbox 945 340 1092 377; x_wconf 79' lang='lat' dir='ltr'>servata</span> <span class='ocrx_word' id='word_1_17' title='bbox 1134 337 1187 376; x_wconf 86' lang='lat' dir='ltr'>sic</span> <span class='ocrx_word' id='word_1_18' title='bbox 1233 336 1465 375; x_wconf 85' lang='lat' dir='ltr'>metiendum</span> <span class='ocrx_word' id='word_1_19' title='bbox 1517 346 1596 374; x_wconf 85' lang='lat' dir='ltr'><strong>esse</strong></span> <span class='ocrx_word' id='word_1_20' title='bbox 1645 337 1801 385; x_wconf 83' lang='lat' dir='ltr'><strong>putem:</strong></span> 
     </span>
     <span class='ocr_line' id='line_1_5' title="bbox 329 402 994 450; baseline 0 -10"><span class='ocrx_word' id='word_1_21' title='bbox 329 433 336 440; x_wconf 94' lang='lat'>.</span> <span class='ocrx_word' id='word_1_22' title='bbox 369 433 377 440; x_wconf 92' lang='lat'><strong>.</strong></span> <span class='ocrx_word' id='word_1_23' title='bbox 407 403 579 441; x_wconf 78' lang='lat' dir='ltr'>timidum</span> <span class='ocrx_word' id='word_1_24' title='bbox 606 403 659 441; x_wconf 79' lang='lat' dir='ltr'>ibi</span> <span class='ocrx_word' id='word_1_25' title='bbox 685 402 919 450; x_wconf 61' lang='lat' dir='ltr'><strong>obstupefecit</strong></span> <span class='ocrx_word' id='word_1_26' title='bbox 946 432 954 440; x_wconf 93' lang='lat'><strong>.</strong></span> <span class='ocrx_word' id='word_1_27' title='bbox 986 432 994 440; x_wconf 91' lang='lat'><strong>.</strong></span> 
     </span>
    </p>

    <p class='ocr_par' dir='ltr' id='par_1_4' title="bbox 458 463 1807 511">
     <span class='ocr_line' id='line_1_6' title="bbox 458 463 1807 511; baseline -0.003 -7"><span class='ocrx_word' id='word_1_28' title='bbox 458 467 547 504; x_wconf 86' lang='lat'><strong>309.</strong></span> <span class='ocrx_word' id='word_1_29' title='bbox 576 466 743 504; x_wconf 90' lang='lat' dir='ltr'>Dubium</span> <span class='ocrx_word' id='word_1_30' title='bbox 772 469 839 510; x_wconf 87' lang='lat' dir='ltr'><strong>est,</strong></span> <span class='ocrx_word' id='word_1_31' title='bbox 879 469 1007 504; x_wconf 87' lang='lat' dir='ltr'>utrum</span> <span class='ocrx_word' id='word_1_32' title='bbox 1035 465 1205 503; x_wconf 78' lang='lat' dir='ltr'>adduce:</span> <span class='ocrx_word' id='word_1_33' title='bbox 1223 476 1236 501; x_wconf 92' lang='grc'>.·</span> <span class='ocrx_word' id='word_1_34' title='bbox 1263 476 1303 502; x_wconf 80' lang='lat' dir='ltr'>co</span> <span class='ocrx_word' id='word_1_35' title='bbox 1331 475 1378 501; x_wconf 85' lang='lat' dir='ltr'>an</span> <span class='ocrx_word' id='word_1_36' title='bbox 1406 463 1552 501; x_wconf 77' lang='lat' dir='ltr'>adduc:</span> <span class='ocrx_word' id='word_1_37' title='bbox 1571 475 1584 500; x_wconf 95' lang='grc'>.·</span> <span class='ocrx_word' id='word_1_38' title='bbox 1612 475 1651 501; x_wconf 84' lang='lat' dir='ltr'>eo</span> <span class='ocrx_word' id='word_1_39' title='bbox 1678 464 1807 511; x_wconf 87' lang='lat' dir='ltr'><strong>legen—</strong></span> 
     </span>
    </p>
   </div>
   <div class='ocr_carea' id='block_1_4' title="bbox 328 530 1806 640">
    <p class='ocr_par' dir='ltr' id='par_1_5' title="bbox 328 530 1806 640">
     <span class='ocr_line' id='line_1_7' title="bbox 328 530 508 568; baseline 0 -1"><span class='ocrx_word' id='word_1_40' title='bbox 328 530 420 567; x_wconf 89' lang='lat' dir='ltr'>dum</span> <span class='ocrx_word' id='word_1_41' title='bbox 450 530 508 568; x_wconf 84' lang='lat' dir='ltr'>sit.</span> 
     </span>
     <span class='ocr_line' id='line_1_8' title="bbox 457 589 1806 640; baseline -0.003 -10"><span class='ocrx_word' id='word_1_42' title='bbox 457 593 545 630; x_wconf 80' lang='lat'>356.</span> <span class='ocrx_word' id='word_1_43' title='bbox 584 605 711 630; x_wconf 84' lang='lat' dir='ltr'>versus</span> <span class='ocrx_word' id='word_1_44' title='bbox 765 604 837 630; x_wconf 91' lang='lat' dir='ltr'><strong>non</strong></span> <span class='ocrx_word' id='word_1_45' title='bbox 887 593 1070 640; x_wconf 86' lang='lat' dir='ltr'>genuinus</span> <span class='ocrx_word' id='word_1_46' title='bbox 1118 592 1168 630; x_wconf 84' lang='lat' dir='ltr'>ab</span> <span class='ocrx_word' id='word_1_47' title='bbox 1215 591 1388 629; x_wconf 87' lang='lat' dir='ltr'>omnibus</span> <span class='ocrx_word' id='word_1_48' title='bbox 1438 590 1641 628; x_wconf 83' lang='lat' dir='ltr'>editoribus</span> <span class='ocrx_word' id='word_1_49' title='bbox 1690 589 1806 627; x_wconf 78' lang='lat' dir='ltr'>uncis</span> 
     </span>
    </p>
   </div>
   <div class='ocr_carea' id='block_1_5' title="bbox 328 656 541 695">
    <p class='ocr_par' dir='ltr' id='par_1_6' title="bbox 328 656 541 695">
     <span class='ocr_line' id='line_1_9' title="bbox 328 656 541 695; baseline 0.005 -2"><span class='ocrx_word' id='word_1_50' title='bbox 328 656 541 695; x_wconf 75' lang='lat' dir='ltr'>includitur.</span> 
     </span>
    </p>
   </div>
   <div class='ocr_carea' id='block_1_6' title="bbox 1279 706 1462 750">
    <p class='ocr_par' dir='ltr' id='par_1_7' title="bbox 1279 706 1462 750">
     <span class='ocr_line' id='line_1_10' title="bbox 1279 706 1462 750; baseline 0 -18"><span class='ocrx_word' id='word_1_51' title='bbox 1279 706 1462 750; x_wconf 48' lang='grc' dir='ltr'>ΛΛΑᾈ</span> 
     </span>
    </p>
   </div>
   <div class='ocr_carea' id='block_1_7' title="bbox 457 751 1536 799">
    <p class='ocr_par' dir='ltr' id='par_1_8' title="bbox 457 751 1536 799">
     <span class='ocr_line' id='line_1_11' title="bbox 457 751 1536 799; baseline -0.003 -10"><span class='ocrx_word' id='word_1_52' title='bbox 457 752 545 791; x_wconf 85' lang='grc'>369.</span> <span class='ocrx_word' id='word_1_53' title='bbox 574 755 704 790; x_wconf 83' lang='lat' dir='ltr'><strong>contra</strong></span> <span class='ocrx_word' id='word_1_54' title='bbox 732 752 796 790; x_wconf 88' lang='lat' dir='ltr'>Dz.</span> <span class='ocrx_word' id='word_1_55' title='bbox 827 752 862 790; x_wconf 91' lang='lat' dir='ltr'>h.</span> <span class='ocrx_word' id='word_1_56' title='bbox 892 752 914 789; x_wconf 94' lang='lat' dir='ltr'>l.</span> <span class='ocrx_word' id='word_1_57' title='bbox 944 752 1065 799; x_wconf 87' lang='lat' dir='ltr'><strong>legere</strong></span> <span class='ocrx_word' id='word_1_58' title='bbox 1095 751 1224 788; x_wconf 88' lang='lat' dir='ltr'><strong>velim:</strong></span> <span class='ocrx_word' id='word_1_59' title='bbox 1252 752 1296 789; x_wconf 77' lang='lat' dir='ltr'>ni</span> <span class='ocrx_word' id='word_1_60' title='bbox 1322 763 1406 789; x_wconf 85' lang='lat' dir='ltr'>enm</span> <span class='ocrx_word' id='word_1_61' title='bbox 1434 761 1536 787; x_wconf 83' lang='lat' dir='ltr'><strong>esse..</strong></span> 
     </span>
    </p>
   </div>
   <div class='ocr_carea' id='block_1_8' title="bbox 327 819 1863 1129">
    <p class='ocr_par' dir='ltr' id='par_1_9' title="bbox 327 819 1863 1129">
     <span class='ocr_line' id='line_1_12' title="bbox 457 819 1863 874; baseline -0.002 -11"><span class='ocrx_word' id='word_1_62' title='bbox 457 827 545 865; x_wconf 91' lang='grc'><strong>410.</strong></span> <span class='ocrx_word' id='word_1_63' title='bbox 573 825 712 863; x_wconf 74' lang='lat' dir='ltr'>abduce</span> <span class='ocrx_word' id='word_1_64' title='bbox 739 825 859 872; x_wconf 79' lang='lat' dir='ltr'><em>hanc;</em></span> <span class='ocrx_word' id='word_1_65' title='bbox 886 825 924 863; x_wconf 93' lang='lat' dir='ltr'>in</span> <span class='ocrx_word' id='word_1_66' title='bbox 953 825 1077 863; x_wconf 83' lang='lat' dir='ltr'>codice</span> <span class='ocrx_word' id='word_1_67' title='bbox 1097 827 1127 863; x_wconf 90' lang='lat' dir='ltr'>A</span> <span class='ocrx_word' id='word_1_68' title='bbox 1154 825 1290 874; x_wconf 85' lang='lat' dir='ltr'>legitur</span> <span class='ocrx_word' id='word_1_69' title='bbox 1316 824 1447 869; x_wconf 76' lang='lat' dir='ltr'>abduc</span> <span class='ocrx_word' id='word_1_70' title='bbox 1475 824 1513 862; x_wconf 90' lang='lat' dir='ltr'>in</span> <span class='ocrx_word' id='word_1_71' title='bbox 1541 823 1617 862; x_wconf 90' lang='lat' dir='ltr'><strong>rell.</strong></span> <span class='ocrx_word' id='word_1_72' title='bbox 1646 822 1805 861; x_wconf 78' lang='lat' dir='ltr'>abduce..</span> <span class='ocrx_word' id='word_1_73' title='bbox 1860 819 1863 823; x_wconf 82' lang='grc'>’</span> 
     </span>
     <span class='ocr_line' id='line_1_13' title="bbox 330 880 1801 938; baseline -0.003 -10.997"><span class='ocrx_word' id='word_1_74' title='bbox 330 889 440 928; x_wconf 85' lang='lat' dir='ltr'><strong>Neue</strong></span> <span class='ocrx_word' id='word_1_75' title='bbox 469 890 507 927; x_wconf 90' lang='lat' dir='ltr'>in</span> <span class='ocrx_word' id='word_1_76' title='bbox 536 890 620 927; x_wconf 91' lang='lat' dir='ltr'>libri</span> <span class='ocrx_word' id='word_1_77' title='bbox 662 889 807 927; x_wconf 85' lang='lat' dir='ltr'>Latein.</span> <span class='ocrx_word' id='word_1_78' title='bbox 836 880 1109 927; x_wconf 83' lang='lat' dir='ltr'><strong>Formenlehre</strong></span> <span class='ocrx_word' id='word_1_79' title='bbox 1137 888 1176 926; x_wconf 91' lang='grc' dir='ltr'>ΙΙ</span> <span class='ocrx_word' id='word_1_80' title='bbox 1204 901 1238 938; x_wconf 89' lang='lat' dir='ltr'>p.</span> <span class='ocrx_word' id='word_1_81' title='bbox 1267 890 1345 927; x_wconf 85' lang='lat'>336</span> <span class='ocrx_word' id='word_1_82' title='bbox 1374 900 1447 936; x_wconf 87' lang='lat' dir='ltr'><strong>seq.</strong></span> <span class='ocrx_word' id='word_1_83' title='bbox 1476 888 1614 931; x_wconf 81' lang='lat' dir='ltr'>docuit,</span> <span class='ocrx_word' id='word_1_84' title='bbox 1640 888 1801 935; x_wconf 86' lang='lat' dir='ltr'><strong>impera·</strong></span> 
     </span>
     <span class='ocr_line' id='line_1_14' title="bbox 327 942 1803 1011; baseline -0.003 -20"><span class='ocrx_word' id='word_1_85' title='bbox 327 953 420 992; x_wconf 89' lang='lat' dir='ltr'>tivos</span> <span class='ocrx_word' id='word_1_86' title='bbox 440 953 704 991; x_wconf 86' lang='lat' dir='ltr'><strong>vocabulorum</strong></span> <span class='ocrx_word' id='word_1_87' title='bbox 724 956 762 991; x_wconf 87' lang='lat' dir='ltr'><strong>et</strong></span> <span class='ocrx_word' id='word_1_88' title='bbox 786 953 1011 1002; x_wconf 88' lang='lat' dir='ltr'>simplicium</span> <span class='ocrx_word' id='word_1_89' title='bbox 1034 944 1191 1011; x_wconf 79' lang='lat' dir='ltr'>dicere’,</span> <span class='ocrx_word' id='word_1_90' title='bbox 1218 943 1387 1011; x_wconf 60' lang='grc' dir='ltr'>ἀιιοθτιέ,</span> <span class='ocrx_word' id='word_1_91' title='bbox 1419 942 1552 990; x_wconf 82' lang='lat' dir='ltr'><strong>facere’</strong></span> <span class='ocrx_word' id='word_1_92' title='bbox 1571 951 1609 989; x_wconf 93' lang='lat' dir='ltr'><strong>et</strong></span> <span class='ocrx_word' id='word_1_93' title='bbox 1622 949 1803 999; x_wconf 88' lang='lat' dir='ltr'><strong>composi-</strong></span> 
     </span>
     <span class='ocr_line' id='line_1_15' title="bbox 328 1005 1806 1067; baseline -0.002 -12"><span class='ocrx_word' id='word_1_94' title='bbox 328 1022 451 1056; x_wconf 88' lang='lat' dir='ltr'>torum</span> <span class='ocrx_word' id='word_1_95' title='bbox 487 1021 531 1056; x_wconf 91' lang='lat' dir='ltr'>ut</span> <span class='ocrx_word' id='word_1_96' title='bbox 579 1010 776 1056; x_wconf 82' lang='lat' dir='ltr'>abducere&#39;</span> <span class='ocrx_word' id='word_1_97' title='bbox 812 1018 911 1067; x_wconf 87' lang='lat' dir='ltr'>apud</span> <span class='ocrx_word' id='word_1_98' title='bbox 946 1020 1085 1056; x_wconf 87' lang='lat' dir='ltr'><strong>veteres</strong></span> <span class='ocrx_word' id='word_1_99' title='bbox 1124 1018 1309 1055; x_wconf 85' lang='lat' dir='ltr'><strong>Romanos</strong></span> <span class='ocrx_word' id='word_1_100' title='bbox 1345 1018 1563 1066; x_wconf 89' lang='lat' dir='ltr'><strong>plerumque</strong></span> <span class='ocrx_word' id='word_1_101' title='bbox 1602 1015 1718 1053; x_wconf 82' lang='lat' dir='ltr'><strong>vooali</strong></span> <span class='ocrx_word' id='word_1_102' title='bbox 1766 1005 1806 1053; x_wconf 66' lang='lat' dir='ltr'>e&gt;</span> 
     </span>
     <span class='ocr_line' id='line_1_16' title="bbox 327 1079 1554 1129; baseline -0.002 -11"><span class='ocrx_word' id='word_1_103' title='bbox 327 1081 545 1118; x_wconf 86' lang='lat' dir='ltr'>terminatos</span> <span class='ocrx_word' id='word_1_104' title='bbox 574 1092 673 1125; x_wconf 82' lang='lat' dir='ltr'><strong>esse;</strong></span> <span class='ocrx_word' id='word_1_105' title='bbox 702 1084 906 1129; x_wconf 87' lang='lat' dir='ltr'>utrumque</span> <span class='ocrx_word' id='word_1_106' title='bbox 933 1081 1048 1128; x_wconf 88' lang='lat' dir='ltr'>igitur</span> <span class='ocrx_word' id='word_1_107' title='bbox 1075 1083 1203 1129; x_wconf 79' lang='lat' dir='ltr'><strong>poetae</strong></span> <span class='ocrx_word' id='word_1_108' title='bbox 1231 1091 1410 1128; x_wconf 88' lang='lat' dir='ltr'>usurpare</span> <span class='ocrx_word' id='word_1_109' title='bbox 1438 1079 1554 1117; x_wconf 86' lang='lat' dir='ltr'>licuit.</span> 
     </span>
    </p>
   </div>
   <div class='ocr_carea' id='block_1_9' title="bbox 327 1153 1807 1651">
    <p class='ocr_par' dir='ltr' id='par_1_10' title="bbox 327 1153 1801 1269">
     <span class='ocr_line' id='line_1_17' title="bbox 458 1153 1801 1202; baseline -0.003 -8"><span class='ocrx_word' id='word_1_110' title='bbox 458 1156 547 1194; x_wconf 88' lang='grc'>667.</span> <span class='ocrx_word' id='word_1_111' title='bbox 579 1155 700 1194; x_wconf 84' lang='lat' dir='ltr'><strong>Verba</strong></span> <span class='ocrx_word' id='word_1_112' title='bbox 739 1156 849 1194; x_wconf 90' lang='lat' dir='ltr'>huius</span> <span class='ocrx_word' id='word_1_113' title='bbox 878 1167 1006 1194; x_wconf 80' lang='lat' dir='ltr'>versus</span> <span class='ocrx_word' id='word_1_114' title='bbox 1035 1155 1136 1194; x_wconf 84' lang='lat' dir='ltr'>varia</span> <span class='ocrx_word' id='word_1_115' title='bbox 1164 1155 1399 1193; x_wconf 77' lang='lat' dir='ltr'><strong>collocatione</strong></span> <span class='ocrx_word' id='word_1_116' title='bbox 1428 1154 1718 1202; x_wconf 79' lang='lat' dir='ltr'>coniunguntur,</span> <span class='ocrx_word' id='word_1_117' title='bbox 1746 1153 1801 1191; x_wconf 81' lang='lat' dir='ltr'>ita</span> 
     </span>
     <span class='ocr_line' id='line_1_18' title="bbox 327 1219 1465 1269; baseline -0.001 -12"><span class='ocrx_word' id='word_1_118' title='bbox 327 1223 370 1257; x_wconf 89' lang='lat' dir='ltr'>ut</span> <span class='ocrx_word' id='word_1_119' title='bbox 399 1219 627 1269; x_wconf 84' lang='lat' dir='ltr'><strong>synaloepha</strong></span> <span class='ocrx_word' id='word_1_120' title='bbox 646 1231 747 1267; x_wconf 75' lang='lat' dir='ltr'><strong>pone</strong></span> <span class='ocrx_word' id='word_1_121' title='bbox 775 1221 900 1268; x_wconf 68' lang='lat' dir='ltr'>inquit</span> <span class='ocrx_word' id='word_1_122' title='bbox 925 1220 964 1258; x_wconf 88' lang='lat' dir='ltr'>in</span> <span class='ocrx_word' id='word_1_123' title='bbox 992 1219 1104 1258; x_wconf 92' lang='lat' dir='ltr'>dubio</span> <span class='ocrx_word' id='word_1_124' title='bbox 1132 1219 1376 1268; x_wconf 86' lang='lat' dir='ltr'>relinquenda</span> <span class='ocrx_word' id='word_1_125' title='bbox 1403 1219 1465 1256; x_wconf 87' lang='lat' dir='ltr'>sit.</span> 
     </span>
    </p>

    <p class='ocr_par' dir='ltr' id='par_1_11' title="bbox 328 1283 1806 1386">
     <span class='ocr_line' id='line_1_19' title="bbox 456 1283 1806 1332; baseline -0.002 -10"><span class='ocrx_word' id='word_1_126' title='bbox 456 1285 545 1323; x_wconf 93' lang='lat'>909.</span> <span class='ocrx_word' id='word_1_127' title='bbox 573 1285 738 1323; x_wconf 90' lang='lat' dir='ltr'>Dubium</span> <span class='ocrx_word' id='word_1_128' title='bbox 767 1291 835 1329; x_wconf 87' lang='lat' dir='ltr'><strong>est,</strong></span> <span class='ocrx_word' id='word_1_129' title='bbox 872 1286 1000 1323; x_wconf 91' lang='lat' dir='ltr'>utrum</span> <span class='ocrx_word' id='word_1_130' title='bbox 1036 1286 1139 1322; x_wconf 75' lang='lat' dir='ltr'><strong>tanto</strong></span> <span class='ocrx_word' id='word_1_131' title='bbox 1177 1296 1283 1332; x_wconf 76' lang='lat' dir='ltr'><strong>opere</strong></span> <span class='ocrx_word' id='word_1_132' title='bbox 1322 1295 1370 1322; x_wconf 83' lang='lat' dir='ltr'>an</span> <span class='ocrx_word' id='word_1_133' title='bbox 1407 1284 1597 1330; x_wconf 76' lang='lat' dir='ltr'>tantopere</span> <span class='ocrx_word' id='word_1_134' title='bbox 1633 1283 1806 1320; x_wconf 85' lang='lat' dir='ltr'>statuen-</span> 
     </span>
     <span class='ocr_line' id='line_1_20' title="bbox 328 1348 508 1386; baseline 0.011 -3"><span class='ocrx_word' id='word_1_135' title='bbox 328 1348 419 1384; x_wconf 87' lang='lat' dir='ltr'>dum</span> <span class='ocrx_word' id='word_1_136' title='bbox 449 1348 508 1386; x_wconf 88' lang='lat' dir='ltr'>sit.</span> 
     </span>
    </p>

    <p class='ocr_par' dir='ltr' id='par_1_12' title="bbox 329 1408 1807 1513">
     <span class='ocr_line' id='line_1_21' title="bbox 458 1408 1807 1460; baseline -0.003 -10"><span class='ocrx_word' id='word_1_137' title='bbox 458 1413 547 1450; x_wconf 87' lang='lat'>949.</span> <span class='ocrx_word' id='word_1_138' title='bbox 569 1411 711 1460; x_wconf 64' lang='lat' dir='ltr'>puerili</span> <span class='ocrx_word' id='word_1_139' title='bbox 737 1413 1016 1459; x_wconf 65' lang='lat' dir='ltr'>mmmmm,-</span> <span class='ocrx_word' id='word_1_140' title='bbox 1044 1412 1300 1450; x_wconf 69' lang='lat' dir='ltr'>inconstantia</span> <span class='ocrx_word' id='word_1_141' title='bbox 1320 1410 1372 1449; x_wconf 85' lang='lat' dir='ltr'>Fl.</span> <span class='ocrx_word' id='word_1_142' title='bbox 1393 1410 1549 1449; x_wconf 86' lang='lat' dir='ltr'>coniecit</span> <span class='ocrx_word' id='word_1_143' title='bbox 1567 1420 1631 1459; x_wconf 93' lang='lat' dir='ltr'><strong>pro</strong></span> <span class='ocrx_word' id='word_1_144' title='bbox 1659 1408 1807 1447; x_wconf 80' lang='lat' dir='ltr'>codicis-</span> 
     </span>
     <span class='ocr_line' id='line_1_22' title="bbox 329 1462 1586 1513; baseline 0 -2"><span class='ocrx_word' id='word_1_145' title='bbox 329 1477 359 1511; x_wconf 78' lang='lat' dir='ltr'>A</span> <span class='ocrx_word' id='word_1_146' title='bbox 389 1477 585 1513; x_wconf 72' lang='lat' dir='ltr'><strong>sententia.</strong></span> <span class='ocrx_word' id='word_1_147' title='bbox 1581 1462 1586 1467; x_wconf 85' lang='grc'><em>“</em></span> 
     </span>
    </p>

    <p class='ocr_par' dir='ltr' id='par_1_13' title="bbox 327 1536 1801 1651">
     <span class='ocr_line' id='line_1_23' title="bbox 456 1536 1799 1588; baseline -0.001 -11"><span class='ocrx_word' id='word_1_148' title='bbox 456 1539 545 1577; x_wconf 85' lang='grc'>976.</span> <span class='ocrx_word' id='word_1_149' title='bbox 575 1539 673 1577; x_wconf 89' lang='lat' dir='ltr'>hunc</span> <span class='ocrx_word' id='word_1_150' title='bbox 701 1549 848 1577; x_wconf 89' lang='lat' dir='ltr'>versum</span> <span class='ocrx_word' id='word_1_151' title='bbox 886 1550 928 1577; x_wconf 89' lang='lat' dir='ltr'><strong>ex</strong></span> <span class='ocrx_word' id='word_1_152' title='bbox 966 1538 1091 1577; x_wconf 85' lang='lat' dir='ltr'>Plaut.</span> <span class='ocrx_word' id='word_1_153' title='bbox 1133 1537 1241 1577; x_wconf 90' lang='lat' dir='ltr'><strong>Most.</strong></span> <span class='ocrx_word' id='word_1_154' title='bbox 1279 1538 1355 1576; x_wconf 82' lang='lat'>655</span> <span class='ocrx_word' id='word_1_155' title='bbox 1386 1540 1590 1588; x_wconf 83' lang='lat' dir='ltr'>sumptum,</span> <span class='ocrx_word' id='word_1_156' title='bbox 1627 1537 1664 1576; x_wconf 92' lang='lat' dir='ltr'>id</span> <span class='ocrx_word' id='word_1_157' title='bbox 1702 1536 1799 1587; x_wconf 88' lang='lat' dir='ltr'>quod</span> 
     </span>
     <span class='ocr_line' id='line_1_24' title="bbox 327 1602 1801 1651; baseline -0.001 -11"><span class='ocrx_word' id='word_1_158' title='bbox 327 1603 470 1651; x_wconf 89' lang='lat' dir='ltr'>primus</span> <span class='ocrx_word' id='word_1_159' title='bbox 498 1603 680 1641; x_wconf 75' lang='lat' dir='ltr'><strong>intellexit</strong></span> <span class='ocrx_word' id='word_1_160' title='bbox 708 1602 943 1647; x_wconf 84' lang='lat' dir='ltr'>Guilielnius‚</span> <span class='ocrx_word' id='word_1_161' title='bbox 973 1603 1022 1642; x_wconf 84' lang='lat' dir='ltr'>Fl.</span> <span class='ocrx_word' id='word_1_162' title='bbox 1052 1605 1090 1641; x_wconf 88' lang='lat' dir='ltr'><strong>et</strong></span> <span class='ocrx_word' id='word_1_163' title='bbox 1126 1603 1192 1640; x_wconf 91' lang='lat' dir='ltr'>Dz.</span> <span class='ocrx_word' id='word_1_164' title='bbox 1221 1614 1288 1640; x_wconf 93' lang='lat' dir='ltr'>suo</span> <span class='ocrx_word' id='word_1_165' title='bbox 1316 1603 1395 1640; x_wconf 86' lang='lat' dir='ltr'>iure</span> <span class='ocrx_word' id='word_1_166' title='bbox 1422 1603 1530 1640; x_wconf 85' lang='lat' dir='ltr'>uncis</span> <span class='ocrx_word' id='word_1_167' title='bbox 1557 1603 1801 1640; x_wconf 80' lang='lat' dir='ltr'>incluserunt.</span> 
     </span>
    </p>
   </div>
   <div class='ocr_carea' id='block_1_10' title="bbox 323 1676 1806 2619">
    <p class='ocr_par' dir='ltr' id='par_1_14' title="bbox 326 1676 1804 1855">
     <span class='ocr_line' id='line_1_25' title="bbox 454 1676 1804 1725; baseline -0.001 -9"><span class='ocrx_word' id='word_1_168' title='bbox 454 1677 545 1716; x_wconf 86' lang='lat' dir='ltr'><strong>Hec.</strong></span> <span class='ocrx_word' id='word_1_169' title='bbox 576 1678 611 1716; x_wconf 88' lang='grc'>2.</span> <span class='ocrx_word' id='word_1_170' title='bbox 640 1689 738 1717; x_wconf 84' lang='lat' dir='ltr'><strong>nova</strong></span> <span class='ocrx_word' id='word_1_171' title='bbox 765 1678 800 1716; x_wconf 75' lang='lat' dir='ltr'>ei</span> <span class='ocrx_word' id='word_1_172' title='bbox 826 1689 955 1717; x_wconf 83' lang='lat' dir='ltr'><strong>novom</strong></span> <span class='ocrx_word' id='word_1_173' title='bbox 963 1689 976 1725; x_wconf 89' lang='lat'><em>;</em></span> <span class='ocrx_word' id='word_1_174' title='bbox 1013 1678 1048 1716; x_wconf 71' lang='lat' dir='ltr'>ei</span> <span class='ocrx_word' id='word_1_175' title='bbox 1075 1680 1132 1716; x_wconf 90' lang='lat' dir='ltr'>est</span> <span class='ocrx_word' id='word_1_176' title='bbox 1159 1689 1202 1716; x_wconf 87' lang='lat' dir='ltr'><strong>ex</strong></span> <span class='ocrx_word' id='word_1_177' title='bbox 1230 1677 1441 1716; x_wconf 82' lang='lat' dir='ltr'>coniectura</span> <span class='ocrx_word' id='word_1_178' title='bbox 1471 1677 1649 1722; x_wconf 84' lang='lat' dir='ltr'>Bentleii;</span> <span class='ocrx_word' id='word_1_179' title='bbox 1687 1676 1804 1715; x_wconf 63' lang='lat' dir='ltr'>metria</span> 
     </span>
     <span class='ocr_line' id='line_1_26' title="bbox 328 1742 1797 1790; baseline 0 -11"><span class='ocrx_word' id='word_1_180' title='bbox 328 1753 443 1779; x_wconf 82' lang='lat' dir='ltr'>causa</span> <span class='ocrx_word' id='word_1_181' title='bbox 470 1745 554 1790; x_wconf 91' lang='lat' dir='ltr'><strong>post</strong></span> <span class='ocrx_word' id='word_1_182' title='bbox 581 1754 708 1780; x_wconf 89' lang='lat' dir='ltr'><strong>vocem</strong></span> <span class='ocrx_word' id='word_1_183' title='bbox 736 1754 832 1780; x_wconf 80' lang='lat' dir='ltr'><strong>nova</strong></span> <span class='ocrx_word' id='word_1_184' title='bbox 860 1743 1027 1786; x_wconf 79' lang='lat' dir='ltr'><strong>verbum,</strong></span> <span class='ocrx_word' id='word_1_185' title='bbox 1065 1742 1162 1790; x_wconf 89' lang='lat' dir='ltr'>quod</span> <span class='ocrx_word' id='word_1_186' title='bbox 1201 1742 1343 1780; x_wconf 88' lang='lat' dir='ltr'>orditur</span> <span class='ocrx_word' id='word_1_187' title='bbox 1370 1753 1393 1779; x_wconf 87' lang='lat' dir='ltr'>a</span> <span class='ocrx_word' id='word_1_188' title='bbox 1420 1742 1547 1785; x_wconf 85' lang='lat' dir='ltr'>vocali,</span> <span class='ocrx_word' id='word_1_189' title='bbox 1576 1743 1643 1779; x_wconf 87' lang='lat' dir='ltr'>aut</span> <span class='ocrx_word' id='word_1_190' title='bbox 1671 1752 1797 1779; x_wconf 92' lang='lat' dir='ltr'><strong>mono-</strong></span> 
     </span>
     <span class='ocr_line' id='line_1_27' title="bbox 326 1806 1227 1855; baseline 0.001 -12"><span class='ocrx_word' id='word_1_191' title='bbox 326 1806 515 1854; x_wconf 85' lang='lat' dir='ltr'>syllabum</span> <span class='ocrx_word' id='word_1_192' title='bbox 544 1809 610 1843; x_wconf 84' lang='lat' dir='ltr'>aut</span> <span class='ocrx_word' id='word_1_193' title='bbox 638 1806 888 1855; x_wconf 79' lang='lat' dir='ltr'>pyrrhichium</span> <span class='ocrx_word' id='word_1_194' title='bbox 918 1806 1132 1844; x_wconf 87' lang='lat' dir='ltr'>addendum</span> <span class='ocrx_word' id='word_1_195' title='bbox 1160 1808 1227 1844; x_wconf 90' lang='lat' dir='ltr'><strong>est.</strong></span> 
     </span>
    </p>

    <p class='ocr_par' dir='ltr' id='par_1_15' title="bbox 326 1868 1804 2047">
     <span class='ocr_line' id='line_1_28' title="bbox 457 1868 1804 1918; baseline -0.001 -11"><span class='ocrx_word' id='word_1_196' title='bbox 457 1871 616 1908; x_wconf 63' lang='lat'><strong>72—70.</strong></span> <span class='ocrx_word' id='word_1_197' title='bbox 653 1870 730 1907; x_wconf 90' lang='lat' dir='ltr'><strong>Hos</strong></span> <span class='ocrx_word' id='word_1_198' title='bbox 773 1882 912 1915; x_wconf 82' lang='lat' dir='ltr'>versus,</span> <span class='ocrx_word' id='word_1_199' title='bbox 963 1882 1055 1918; x_wconf 88' lang='lat' dir='ltr'>quos</span> <span class='ocrx_word' id='word_1_200' title='bbox 1097 1870 1162 1908; x_wconf 89' lang='lat' dir='ltr'>Dz.</span> <span class='ocrx_word' id='word_1_201' title='bbox 1200 1882 1244 1908; x_wconf 86' lang='lat' dir='ltr'><strong>ex</strong></span> <span class='ocrx_word' id='word_1_202' title='bbox 1286 1870 1431 1918; x_wconf 88' lang='lat' dir='ltr'><strong>prologo</strong></span> <span class='ocrx_word' id='word_1_203' title='bbox 1477 1868 1627 1907; x_wconf 84' lang='lat' dir='ltr'><strong>fabulae</strong></span> <span class='ocrx_word' id='word_1_204' title='bbox 1662 1868 1804 1907; x_wconf 68' lang='lat' dir='ltr'>Heaut-</span> 
     </span>
     <span class='ocr_line' id='line_1_29' title="bbox 327 1931 1803 1982; baseline -0.001 -12"><span class='ocrx_word' id='word_1_205' title='bbox 327 1936 495 1982; x_wconf 88' lang='lat' dir='ltr'>sumptos</span> <span class='ocrx_word' id='word_1_206' title='bbox 524 1933 559 1971; x_wconf 90' lang='lat' dir='ltr'>h.</span> <span class='ocrx_word' id='word_1_207' title='bbox 589 1933 612 1971; x_wconf 93' lang='lat' dir='ltr'>l.</span> <span class='ocrx_word' id='word_1_208' title='bbox 640 1933 808 1977; x_wconf 84' lang='lat' dir='ltr'>inseruit,</span> <span class='ocrx_word' id='word_1_209' title='bbox 837 1934 915 1971; x_wconf 82' lang='lat' dir='ltr'>iam</span> <span class='ocrx_word' id='word_1_210' title='bbox 943 1933 981 1970; x_wconf 91' lang='lat' dir='ltr'>in</span> <span class='ocrx_word' id='word_1_211' title='bbox 1009 1932 1157 1971; x_wconf 82' lang='lat' dir='ltr'><strong>fabulae</strong></span> <span class='ocrx_word' id='word_1_212' title='bbox 1186 1932 1321 1971; x_wconf 85' lang='lat' dir='ltr'>Heaut.</span> <span class='ocrx_word' id='word_1_213' title='bbox 1351 1933 1527 1982; x_wconf 88' lang='lat' dir='ltr'><strong>exemplis</strong></span> <span class='ocrx_word' id='word_1_214' title='bbox 1555 1931 1803 1980; x_wconf 83' lang='lat' dir='ltr'><strong>congerendis-</strong></span> 
     </span>
     <span class='ocr_line' id='line_1_30' title="bbox 326 1998 479 2047; baseline -0.007 -11"><span class='ocrx_word' id='word_1_215' title='bbox 326 1998 479 2047; x_wconf 83' lang='lat' dir='ltr'>respexi.</span> 
     </span>
    </p>

    <p class='ocr_par' dir='ltr' id='par_1_16' title="bbox 455 2060 1806 2110">
     <span class='ocr_line' id='line_1_31' title="bbox 455 2060 1806 2110; baseline -0.001 -12"><span class='ocrx_word' id='word_1_216' title='bbox 455 2062 516 2099; x_wconf 86' lang='lat'>34.</span> <span class='ocrx_word' id='word_1_217' title='bbox 547 2062 657 2099; x_wconf 90' lang='lat' dir='ltr'>Hunc</span> <span class='ocrx_word' id='word_1_218' title='bbox 685 2073 834 2099; x_wconf 87' lang='lat' dir='ltr'>versum</span> <span class='ocrx_word' id='word_1_219' title='bbox 871 2062 1003 2099; x_wconf 87' lang='lat' dir='ltr'><strong>merito</strong></span> <span class='ocrx_word' id='word_1_220' title='bbox 1040 2062 1077 2099; x_wconf 91' lang='lat' dir='ltr'>in</span> <span class='ocrx_word' id='word_1_221' title='bbox 1106 2061 1359 2110; x_wconf 77' lang='lat' dir='ltr'>suspicionem</span> <span class='ocrx_word' id='word_1_222' title='bbox 1386 2061 1529 2098; x_wconf 85' lang='lat' dir='ltr'>vocavit</span> <span class='ocrx_word' id='word_1_223' title='bbox 1557 2060 1806 2109; x_wconf 43' lang='lat' dir='ltr'>Grautoffius„</span> 
     </span>
    </p>

    <p class='ocr_par' dir='ltr' id='par_1_17' title="bbox 323 2136 1803 2619">
     <span class='ocr_line' id='line_1_32' title="bbox 455 2136 1797 2185; baseline 0 -11"><span class='ocrx_word' id='word_1_224' title='bbox 455 2137 623 2176; x_wconf 74' lang='lat'>49-51.</span> <span class='ocrx_word' id='word_1_225' title='bbox 658 2137 736 2175; x_wconf 88' lang='lat' dir='ltr'><strong>Hos</strong></span> <span class='ocrx_word' id='word_1_226' title='bbox 775 2148 903 2175; x_wconf 87' lang='lat' dir='ltr'>versus</span> <span class='ocrx_word' id='word_1_227' title='bbox 941 2136 994 2176; x_wconf 87' lang='lat' dir='ltr'>Fl.</span> <span class='ocrx_word' id='word_1_228' title='bbox 1041 2139 1079 2175; x_wconf 89' lang='lat' dir='ltr'><strong>et</strong></span> <span class='ocrx_word' id='word_1_229' title='bbox 1106 2137 1172 2175; x_wconf 91' lang='lat' dir='ltr'>Dz.</span> <span class='ocrx_word' id='word_1_230' title='bbox 1210 2137 1244 2175; x_wconf 90' lang='lat' dir='ltr'>h.</span> <span class='ocrx_word' id='word_1_231' title='bbox 1273 2136 1296 2175; x_wconf 93' lang='lat' dir='ltr'>l.</span> <span class='ocrx_word' id='word_1_232' title='bbox 1334 2136 1476 2185; x_wconf 91' lang='lat' dir='ltr'>spurios</span> <span class='ocrx_word' id='word_1_233' title='bbox 1513 2136 1625 2175; x_wconf 88' lang='lat' dir='ltr'><strong>deleri</strong></span> <span class='ocrx_word' id='word_1_234' title='bbox 1662 2136 1797 2174; x_wconf 85' lang='lat' dir='ltr'><strong>volunt.</strong></span> 
     </span>
     <span class='ocr_line' id='line_1_33' title="bbox 325 2200 1796 2257; baseline 0 -20"><span class='ocrx_word' id='word_1_235' title='bbox 325 2201 392 2237; x_wconf 93' lang='lat' dir='ltr'>Dz.</span> <span class='ocrx_word' id='word_1_236' title='bbox 423 2200 471 2237; x_wconf 87' lang='lat' dir='ltr'>ad</span> <span class='ocrx_word' id='word_1_237' title='bbox 500 2201 600 2237; x_wconf 88' lang='lat' dir='ltr'>hunc</span> <span class='ocrx_word' id='word_1_238' title='bbox 628 2201 750 2237; x_wconf 85' lang='lat' dir='ltr'><strong>locum</strong></span> <span class='ocrx_word' id='word_1_239' title='bbox 779 2203 934 2237; x_wconf 85' lang='lat' dir='ltr'><strong>annotat</strong></span> <span class='ocrx_word' id='word_1_240' title='bbox 962 2201 1072 2238; x_wconf 84' lang='lat' dir='ltr'><strong>haec:</strong></span> <span class='ocrx_word' id='word_1_241' title='bbox 1111 2201 1281 2257; x_wconf 73' lang='lat' dir='ltr'>t49-—51</span> <span class='ocrx_word' id='word_1_242' title='bbox 1319 2200 1438 2237; x_wconf 87' lang='lat' dir='ltr'>eidem</span> <span class='ocrx_word' id='word_1_243' title='bbox 1474 2200 1513 2237; x_wconf 86' lang='lat' dir='ltr'>in</span> <span class='ocrx_word' id='word_1_244' title='bbox 1541 2200 1677 2237; x_wconf 80' lang='lat' dir='ltr'>Heaut.</span> <span class='ocrx_word' id='word_1_245' title='bbox 1707 2200 1796 2247; x_wconf 90' lang='lat' dir='ltr'><strong>prol.</strong></span> 
     </span>
     <span class='ocr_line' id='line_1_34' title="bbox 324 2262 1797 2312; baseline 0 -12"><span class='ocrx_word' id='word_1_246' title='bbox 324 2264 483 2300; x_wconf 84' lang='lat'>48-50</span> <span class='ocrx_word' id='word_1_247' title='bbox 511 2263 704 2311; x_wconf 82' lang='lat' dir='ltr'>leguntur;</span> <span class='ocrx_word' id='word_1_248' title='bbox 742 2274 971 2312; x_wconf 86' lang='lat' dir='ltr'>quamquam</span> <span class='ocrx_word' id='word_1_249' title='bbox 1005 2263 1042 2301; x_wconf 90' lang='lat' dir='ltr'>in</span> <span class='ocrx_word' id='word_1_250' title='bbox 1073 2265 1105 2300; x_wconf 90' lang='lat' dir='ltr'><strong>A</strong></span> <span class='ocrx_word' id='word_1_251' title='bbox 1133 2263 1205 2301; x_wconf 90' lang='lat' dir='ltr'>duo</span> <span class='ocrx_word' id='word_1_252' title='bbox 1241 2263 1378 2312; x_wconf 84' lang='lat' dir='ltr'><strong>priores</strong></span> <span class='ocrx_word' id='word_1_253' title='bbox 1406 2271 1533 2301; x_wconf 79' lang='lat' dir='ltr'>versus</span> <span class='ocrx_word' id='word_1_254' title='bbox 1572 2263 1623 2301; x_wconf 91' lang='lat' dir='ltr'>ibi</span> <span class='ocrx_word' id='word_1_255' title='bbox 1651 2262 1797 2307; x_wconf 88' lang='lat' dir='ltr'>desunt,</span> 
     </span>
     <span class='ocr_line' id='line_1_35' title="bbox 325 2327 1802 2375; baseline 0 -11"><span class='ocrx_word' id='word_1_256' title='bbox 325 2339 386 2365; x_wconf 86' lang='lat' dir='ltr'>eos</span> <span class='ocrx_word' id='word_1_257' title='bbox 414 2339 536 2375; x_wconf 83' lang='lat' dir='ltr'><strong>neque</strong></span> <span class='ocrx_word' id='word_1_258' title='bbox 565 2327 603 2364; x_wconf 90' lang='lat' dir='ltr'>in</span> <span class='ocrx_word' id='word_1_259' title='bbox 630 2329 787 2375; x_wconf 88' lang='lat' dir='ltr'>utroque</span> <span class='ocrx_word' id='word_1_260' title='bbox 815 2328 962 2375; x_wconf 86' lang='lat' dir='ltr'><strong>prologo</strong></span> <span class='ocrx_word' id='word_1_261' title='bbox 990 2327 1139 2364; x_wconf 82' lang='lat' dir='ltr'>admitti</span> <span class='ocrx_word' id='word_1_262' title='bbox 1159 2329 1447 2365; x_wconf 84' lang='lat' dir='ltr'><strong>consentaneum</strong></span> <span class='ocrx_word' id='word_1_263' title='bbox 1467 2329 1525 2365; x_wconf 88' lang='lat' dir='ltr'>est</span> <span class='ocrx_word' id='word_1_264' title='bbox 1553 2329 1590 2365; x_wconf 91' lang='lat' dir='ltr'><strong>et</strong></span> <span class='ocrx_word' id='word_1_265' title='bbox 1612 2327 1651 2364; x_wconf 91' lang='lat' dir='ltr'>in</span> <span class='ocrx_word' id='word_1_266' title='bbox 1671 2327 1802 2364; x_wconf 72' lang='lat' dir='ltr'><strong>nostro</strong></span> 
     </span>
     <span class='ocr_line' id='line_1_36' title="bbox 324 2389 1803 2439; baseline 0 -12"><span class='ocrx_word' id='word_1_267' title='bbox 324 2390 447 2439; x_wconf 83' lang='lat' dir='ltr'>aptius</span> <span class='ocrx_word' id='word_1_268' title='bbox 475 2391 599 2428; x_wconf 90' lang='lat' dir='ltr'>omitti</span> <span class='ocrx_word' id='word_1_269' title='bbox 637 2390 908 2428; x_wconf 86' lang='lat' dir='ltr'>sententiarum</span> <span class='ocrx_word' id='word_1_270' title='bbox 936 2401 1095 2428; x_wconf 88' lang='lat' dir='ltr'><strong>conexus</strong></span> <span class='ocrx_word' id='word_1_271' title='bbox 1123 2390 1246 2434; x_wconf 78' lang='lat' dir='ltr'><strong>dooet3</strong></span> <span class='ocrx_word' id='word_1_272' title='bbox 1280 2390 1409 2438; x_wconf 80' lang='lat' dir='ltr'>itaque</span> <span class='ocrx_word' id='word_1_273' title='bbox 1446 2402 1534 2428; x_wconf 86' lang='lat' dir='ltr'>cum</span> <span class='ocrx_word' id='word_1_274' title='bbox 1562 2389 1803 2428; x_wconf 80' lang='lat' dir='ltr'><strong>Fleckeiseno</strong></span> 
     </span>
     <span class='ocr_line' id='line_1_37' title="bbox 323 2444 1802 2504; baseline 0 -12"><span class='ocrx_word' id='word_1_275' title='bbox 323 2465 383 2492; x_wconf 87' lang='lat' dir='ltr'>eos</span> <span class='ocrx_word' id='word_1_276' title='bbox 422 2454 549 2500; x_wconf 89' lang='lat' dir='ltr'>omisi;</span> <span class='ocrx_word' id='word_1_277' title='bbox 587 2454 693 2493; x_wconf 86' lang='lat' dir='ltr'>aliter</span> <span class='ocrx_word' id='word_1_278' title='bbox 727 2454 842 2492; x_wconf 86' lang='lat' dir='ltr'>sentit</span> <span class='ocrx_word' id='word_1_279' title='bbox 869 2453 1034 2502; x_wconf 81' lang='lat' dir='ltr'><strong>Wagner</strong></span> <span class='ocrx_word' id='word_1_280' title='bbox 1070 2453 1116 2492; x_wconf 89' lang='lat' dir='ltr'>N.</span> <span class='ocrx_word' id='word_1_281' title='bbox 1144 2453 1181 2493; x_wconf 85' lang='lat' dir='ltr'>J.</span> <span class='ocrx_word' id='word_1_282' title='bbox 1222 2454 1324 2493; x_wconf 85' lang='lat'>1865</span> <span class='ocrx_word' id='word_1_283' title='bbox 1360 2466 1393 2504; x_wconf 90' lang='lat' dir='ltr'>p.</span> <span class='ocrx_word' id='word_1_284' title='bbox 1433 2454 1509 2492; x_wconf 88' lang='lat'>281</span> <span class='ocrx_word' id='word_1_285' title='bbox 1550 2456 1587 2492; x_wconf 87' lang='lat' dir='ltr'><strong>et</strong></span> <span class='ocrx_word' id='word_1_286' title='bbox 1622 2454 1661 2492; x_wconf 91' lang='lat' dir='ltr'>in</span> <span class='ocrx_word' id='word_1_287' title='bbox 1700 2444 1802 2501; x_wconf 73' lang='lat' dir='ltr'>edd.&gt;</span> 
     </span>
     <span class='ocr_line' id='line_1_38' title="bbox 325 2517 1802 2565; baseline 0.001 -12"><span class='ocrx_word' id='word_1_288' title='bbox 325 2517 508 2565; x_wconf 83' lang='lat' dir='ltr'>Equidem</span> <span class='ocrx_word' id='word_1_289' title='bbox 524 2518 588 2554; x_wconf 88' lang='lat' dir='ltr'>Dz.</span> <span class='ocrx_word' id='word_1_290' title='bbox 619 2520 772 2555; x_wconf 89' lang='lat' dir='ltr'>secutus</span> <span class='ocrx_word' id='word_1_291' title='bbox 800 2518 1058 2565; x_wconf 78' lang='lat' dir='ltr'><strong>synaloephas,</strong></span> <span class='ocrx_word' id='word_1_292' title='bbox 1087 2528 1182 2565; x_wconf 82' lang='lat' dir='ltr'>quae</span> <span class='ocrx_word' id='word_1_293' title='bbox 1207 2518 1440 2565; x_wconf 84' lang='lat' dir='ltr'>reperiuntur</span> <span class='ocrx_word' id='word_1_294' title='bbox 1467 2518 1507 2554; x_wconf 84' lang='lat' dir='ltr'>in</span> <span class='ocrx_word' id='word_1_295' title='bbox 1535 2517 1594 2555; x_wconf 85' lang='lat' dir='ltr'>his</span> <span class='ocrx_word' id='word_1_296' title='bbox 1614 2517 1802 2560; x_wconf 71' lang='lat' dir='ltr'>versibus,</span> 
     </span>
     <span class='ocr_line' id='line_1_39' title="bbox 323 2579 832 2619; baseline 0.002 -2"><span class='ocrx_word' id='word_1_297' title='bbox 323 2579 473 2618; x_wconf 82' lang='lat' dir='ltr'><strong>fabulae</strong></span> <span class='ocrx_word' id='word_1_298' title='bbox 502 2580 638 2618; x_wconf 86' lang='lat' dir='ltr'>Heaut.</span> <span class='ocrx_word' id='word_1_299' title='bbox 668 2580 832 2619; x_wconf 87' lang='lat' dir='ltr'>attribui.</span> 
     </span>
    </p>
   </div>
  </div>
 </body>
</html>
