1874 2904
824 154 874 190 39

108 279 198 317 Hee.
220 279 307 317 696.
335 279 403 316 Ad.
431 279 493 317 32.
525 280 610 318 797.
639 281 726 319 838.
756 280 842 319 842.
861 269 951 319 933.
979 282 1041 318 tu:
1069 278 1182 318 Andr.
1207 280 1292 317 149.
1322 278 1459 316 Heaut.
1481 278 1569 315 848.

109 342 202 380 Eun.
238 343 326 379 450.
360 342 448 380 474.
483 343 570 380 534.
606 343 694 380 897.
745 343 894 381 Phorm.
924 344 1014 380 229.
1048 343 1135 380 637.
1166 343 1255 380 970.
1297 342 1390 379 Hee.
1422 342 1481 379 70.
1511 342 1570 380 83.

108 406 174 445 Ad.
203 407 266 444 41.

563 469 605 510 B.
635 469 673 510 in
704 469 820 510 iamb.
848 469 1116 520 septenariis:

234 554 301 593 de:
330 553 465 594 Heaut.
496 555 582 594 690.
611 567 690 593 me:
718 555 855 593 Heaut.
885 555 972 593 612.
1000 554 1091 593 Hee.
1113 554 1200 593 830.
1230 554 1307 592 mi:
1335 553 1450 592 Andr.
1481 553 1570 591 697.

109 619 196 656 709.
251 618 345 656 Ε1111.
376 619 462 656 281.
510 619 594 667 [Ad.
633 620 719 656 710.
757 619 792 655 h.
830 619 853 655 l.
890 619 1062 655 exhibent
1104 618 1247 655 codices
1284 610 1429 673 ‘mihi’j
1475 628 1571 664 quae

106 682 244 733 (neutr.
273 681 336 731 pl.)
374 681 463 721 Hec.
499 681 587 720 244.
615 693 674 720 re:
721 680 810 720 Hee.
849 681 935 720 785.
973 692 1029 720 se:
1073 680 1186 719 Andr.
1225 681 1312 720 687.
1361 680 1450 718 Hee.
1480 680 1570 718 819.

107 747 156 784 si:
191 746 282 784 249.
321 749 379 784 te:
418 747 530 784 Andr.
571 746 658 784 708.
705 745 840 783 Heaut.
881 746 966 783 703.
1021 745 1115 782 Eun.
1153 746 1240 782 598.
1297 744 1441 783 Phorm.
1481 745 1569 782 794.

106 808 186 847 Heo
214 809 302 846 251.
332 809 421 846 326.
464 810 526 846 tu:
556 807 667 846 Andr.
697 808 786 845 299.
816 808 903 845 685.
946 807 1081 845 Heaut.
1111 808 1199 846 281.
1241 807 1332 845 Hee.
1362 808 1450 844 355.

578 935 618 977 G.
649 935 686 976 in
717 935 833 977 iamb.
862 921 1102 977 octenariis:

234 1023 296 1060 de:
332 1022 444 1060 Andr.
474 1023 563 1059 211.
593 1022 728 1059 Heaut.
758 1022 847 1059 230.
875 1034 955 1059 me:
992 1022 1105 1059 Andr.
1137 1023 1223 1059 534.
1261 1022 1357 1069 [614
1387 1021 1486 1058 iocus
1515 1025 1572 1058 est,

104 1085 297 1133 incertus]
337 1085 425 1123 620.
454 1085 543 1122 937.
593 1084 726 1123 Heaut.
756 1085 843 1123 223.
880 1085 969 1122 258.
1008 1085 1096 1122 614.
1134 1085 1210 1121 668
1245 1085 1313 1122 bis.
1361 1083 1454 1121 Eun.
1484 1084 1571 1122 302.

105 1149 252 1187 Phorm.
272 1149 357 1188 718.
374 1149 463 1187 837.
493 1148 580 1187 Hee.
598 1149 685 1186 581.
703 1148 797 1194 5582.
813 1148 902 1187 853.
931 1148 997 1187 Ad.
1017 1149 1104 1187 258.
1135 1149 1221 1187 594.
1251 1148 1322 1185 mi:
1351 1147 1463 1186 Andr.
1482 1148 1571 1186 238.

106 1213 201 1262 [940
220 1213 323 1250 loeus
342 1215 400 1250 est
417 1212 583 1260 dubius]
612 1212 748 1250 Heaut.
769 1213 858 1250 220.
888 1213 983 1261 [232
1004 1213 1025 1250 l.
1045 1212 1097 1260 d.]
1128 1212 1217 1249 236.
1237 1223 1304 1249 ne:
1332 1211 1468 1249 Heaut.
1482 1212 1570 1249 577.

105 1276 172 1317 Ad.
202 1277 291 1316 270.
313 1277 378 1326 (1111
398 1276 504 1327 (sg.):
534 1275 627 1315 Eun.
653 1276 766 1315 1045.
789 1275 944 1315 phorm.
969 1276 1053 1316 161.
1073 1276 1161 1315 471.
1190 1276 1254 1325 (1111
1283 1275 1362 1326 (pl.)
1390 1275 1458 1314 Ad.
1480 1275 1568 1313 594.

104 1353 197 1390 qua:
233 1342 300 1379 Ad.
332 1342 418 1381 179.
447 1352 538 1389 quo:
583 1341 650 1379 Ad.
680 1342 769 1379 270.
819 1353 876 1379 re:
904 1340 1029 1378 Heaut
1067 1342 1155 1378 669.
1202 1341 1347 1379 Phorm.
1380 1341 1468 1378 476.
1515 1340 1570 1376 si:

108 1405 175 1443 Ad.
198 1406 284 1444 192.
312 1405 406 1454 [601
438 1404 505 1443 bis.
533 1404 635 1442 locus
664 1407 721 1442 est
747 1404 942 1453 incertus}
963 1405 1050 1442 603.
1080 1406 1134 1442 te:
1163 1404 1256 1442 Eun.
1277 1405 1364 1442 219.
1393 1403 1460 1441 Ad.
1480 1403 1569 1440 268.

109 1470 197 1507 535.
227 1470 314 1507 597.
344 1470 432 1507 946.
461 1472 525 1507 tu:
553 1468 689 1507 Heaut.
716 1469 804 1506 585.
837 1470 949 1524 1003.
981 1469 1093 1506 1007.
1124 1469 1269 1507 Phorm.
1298 1469 1387 1506 496.

559 1596 599 1636 D.
629 1595 666 1636 in
694 1595 825 1637 trech.
855 1595 1118 1647 septenariis:

234 1681 297 1719 de:
336 1680 433 1720 Eun.
462 1681 550 1720 298.
597 1681 652 1718 di:
690 1681 826 1720 Heaut.
855 1682 943 1719 953.
991 1693 1070 1719 me:
1100 1681 1212 1719 Andr.
1243 1682 1331 1718 510.
1362 1681 1450 1718 645.
1482 1681 1569 1719 827.

105 1746 194 1783 828.
224 1746 312 1784 896.
349 1745 484 1783 Heaut.
514 1745 603 1783 947.
635 1745 748 1783 1031.
785 1745 881 1783 Eun.
910 1745 998 1782 363.
1028 1746 1117 1782 945.
1148 1746 1262 1783 1031.
1304 1745 1449 1783 Phorm.
1481 1745 1569 1782 860.

107 1809 193 1847 864.
242 1808 329 1847 Heo.
359 1809 448 1846 407.
477 1808 564 1846 475.
608 1808 675 1846 Ad.
704 1809 793 1846 321.
824 1809 910 1846 697.
941 1809 1030 1846 879.
1074 1809 1147 1846 mi:
1175 1808 1289 1847 Andr.
1318 1809 1407 1847 254.
1436 1808 1570 1846 Heaut.

107 1872 222 1910 1052.
262 1872 375 1910 1060.
419 1871 512 1909 Eun.
542 1872 630 1909 627.
663 1872 748 1910 756.
800 1871 947 1909 Phorm.
978 1872 1065 1909 508.
1106 1883 1172 1910 ne:
1216 1872 1329 1910 Andr.
1359 1873 1447 1910 330.
1477 1872 1570 1910 902.

106 1935 195 1974 Hee.
224 1936 313 1973 403.
343 1937 430 1974 841.
460 1936 520 1976 ni:
549 1935 641 1974 Eun.
663 1936 753 1973 230.
781 1935 929 1973 Phorm.
961 1937 1048 1974 544.
1078 1947 1174 1985 quae
1202 1935 1304 1986 (fem.
1334 1935 1403 1985 sg.)
1432 1936 1569 1974 Heaut.

105 2000 194 2037 973.
223 2011 318 2049 quae
357 2000 441 2048 (ntr.
471 2001 537 2049 pl.)
575 2000 643 2037 Ad.
674 2001 761 2038 706.
792 2000 854 2048 qui
883 2000 970 2049 (sg.)
1011 2000 1098 2039 Hee.
1128 2001 1217 2039 608.
1248 2002 1335 2039 852.
1364 2001 1426 2049 qui
1454 1999 1571 2049 (adv.)

106 2063 239 2101 Heaut.
276 2064 365 2101 897.
411 2075 471 2101 re:
513 2063 580 2100 Ad.
620 2064 709 2101 327.
756 2075 813 2101 se:
859 2063 952 2102 Eun.
983 2064 1071 2101 800.
1120 2065 1172 2101 si:
1197 2064 1333 2101 ‘Andn
1364 2064 1450 2102 249.
1481 2064 1569 2101 258.

106 2125 251 2165 Phorm.
281 2128 369 2165 207.
409 2126 497 2165 Hec.
527 2127 615 2165 525.
648 2127 733 2165 750.
770 2127 838 2165 Ad.
867 2127 956 2165 989.
987 2129 1043 2165 te:
1086 2127 1198 2165 Andr.
1229 2128 1316 2165 820.
1354 2127 1448 2165 Eun.
1479 2127 1568 2165 791.

105 2190 194 2228 Hec.
223 2191 310 2229 386.
340 2191 428 2228 389.
459 2192 547 2228 873.
589 2191 658 2229 Ad.
688 2191 776 2228 692.
815 2194 875 2228 tu:
920 2192 1034 2229 Andr.
1064 2192 1151 2229 332.
1181 2192 1268 2229 907.
1305 2191 1450 2228 Phorm.
1481 2191 1568 2229 849.

104 2252 194 2292 Heo.
223 2254 312 2293 462.
341 2254 409 2291 Ad.
443 2254 529 2292 168.
559 2255 646 2292 543.

570 2371 610 2412 Ε.
641 2370 677 2411 in
706 2371 836 2412 trech.
866 2371 1109 2412 octonariis:

230 2467 310 2494 me:
348 2456 497 2494 Phorm.
529 2457 616 2494 735.
655 2456 745 2494 Hec.
775 2457 862 2494 519.
892 2457 984 2505 [mis
1012 2456 1159 2494 Phorm.
1191 2457 1286 2506 7283
1326 2448 1442 2514 tmihi'
1472 2457 1569 2505 quod

105 2518 138 2557 h.
167 2520 191 2558 1.
221 2519 414 2558 exhibetur
455 2519 655 2562 codicibus.
699 2520 802 2558 omni
843 2519 1040 2558 offensione
1081 2521 1208 2564 vacam
1250 2531 1364 2569 quam
1405 2520 1451 2558 ob
1490 2531 1567 2558 rem

105 2582 375 2628 Dziatzeonem,
405 2584 468 2632 qui
497 2575 574 2641 ‘mi'
605 2583 675 2632 legi
703 2583 794 2627 vult.
823 2595 894 2621 non
923 2586 1072 2621 secutus
1102 2584 1216 2632 sum]
